<?xml version="1.0" encoding="UTF-8"?>
<!DOCTYPE html PUBLIC "-//W3C//DTD XHTML 1.0 Transitional//EN"
    "http://www.w3.org/TR/xhtml1/DTD/xhtml1-transitional.dtd">
<html xmlns="http://www.w3.org/1999/xhtml" xml:lang="en" lang="en">
 <head>
  <title>
</title>
<meta http-equiv="Content-Type" content="text/html;charset=utf-8" />
  <meta name='ocr-system' content='tesseract 3.04.00' />
  <meta name='ocr-capabilities' content='ocr_page ocr_carea ocr_par ocr_line ocrx_word'/>
</head>
<body>
  <div class='ocr_page' id='page_1' title='image "./evangeliumpalat00natigoog_0103.png"; bbox 0 0 3667 5284; ppageno 0'>
   <div class='ocr_carea' id='block_1_1' title="bbox 344 428 1469 516">
    <p class='ocr_par' dir='ltr' id='par_1_1' title="bbox 344 428 1469 516">
     <span class='ocr_line' id='line_1_1' title="bbox 344 428 1469 516; baseline -0.004 -29"><span class='ocrx_word' id='word_1_1' title='bbox 344 432 375 487; x_wconf 84' lang='grc'><strong>(1.</strong></span> <span class='ocrx_word' id='word_1_2' title='bbox 394 433 417 486; x_wconf 89' lang='grc'><strong>1.</strong></span> <span class='ocrx_word' id='word_1_3' title='bbox 436 435 460 486; x_wconf 79' lang='lat'><strong>2.</strong></span> <span class='ocrx_word' id='word_1_4' title='bbox 865 429 952 484; x_wconf 86' lang='lat' dir='ltr'><strong>Marc.</strong></span> <span class='ocrx_word' id='word_1_5' title='bbox 1429 428 1469 516; x_wconf 73' lang='grc'><strong>91</strong></span> 
     </span>
    </p>
   </div>
   <div class='ocr_carea' id='block_1_2' title="bbox 257 615 1482 3673">
    <p class='ocr_par' dir='ltr' id='par_1_2' title="bbox 257 615 1472 1966">
     <span class='ocr_line' id='line_1_2' title="bbox 257 615 1470 703; baseline -0.005 -16"><span class='ocrx_word' id='word_1_6' title='bbox 257 666 260 671; x_wconf 66' lang='lat'><em>,</em></span> <span class='ocrx_word' id='word_1_7' title='bbox 345 625 460 686; x_wconf 90' lang='grc'><strong>64666</strong></span> <span class='ocrx_word' id='word_1_8' title='bbox 484 619 607 686; x_wconf 87' lang='lat' dir='ltr'><strong>sinebat</strong></span> <span class='ocrx_word' id='word_1_9' title='bbox 627 618 683 683; x_wconf 90' lang='lat' dir='ltr'><strong>illa</strong></span> <span class='ocrx_word' id='word_1_10' title='bbox 704 615 791 703; x_wconf 90' lang='lat' dir='ltr'><strong>loqui</strong></span> <span class='ocrx_word' id='word_1_11' title='bbox 814 617 964 702; x_wconf 89' lang='lat' dir='ltr'><strong>quoniam</strong></span> <span class='ocrx_word' id='word_1_12' title='bbox 985 617 1127 684; x_wconf 77' lang='lat' dir='ltr'>sciebant</span> <span class='ocrx_word' id='word_1_13' title='bbox 1148 640 1230 694; x_wconf 84' lang='lat' dir='ltr'><strong>eum.</strong></span> <span class='ocrx_word' id='word_1_14' title='bbox 1275 627 1309 681; x_wconf 79' lang='lat'><strong>35</strong></span> <span class='ocrx_word' id='word_1_15' title='bbox 1330 617 1376 682; x_wconf 89' lang='grc'><strong>114</strong></span> <span class='ocrx_word' id='word_1_16' title='bbox 1396 621 1470 681; x_wconf 85' lang='grc'><strong>6646</strong></span> 
     </span>
     <span class='ocr_line' id='line_1_3' title="bbox 344 700 1469 788; baseline -0.004 -18"><span class='ocrx_word' id='word_1_17' title='bbox 344 707 448 772; x_wconf 89' lang='lat' dir='ltr'><strong>lucem</strong></span> <span class='ocrx_word' id='word_1_18' title='bbox 481 727 611 788; x_wconf 83' lang='lat' dir='ltr'>surgens</span> <span class='ocrx_word' id='word_1_19' title='bbox 645 702 723 769; x_wconf 89' lang='lat' dir='ltr'><strong>abiit</strong></span> <span class='ocrx_word' id='word_1_20' title='bbox 752 703 785 766; x_wconf 90' lang='lat' dir='ltr'><strong>in</strong></span> <span class='ocrx_word' id='word_1_21' title='bbox 818 704 977 770; x_wconf 87' lang='lat' dir='ltr'><strong>desertum</strong></span> <span class='ocrx_word' id='word_1_22' title='bbox 1010 704 1115 768; x_wconf 90' lang='lat' dir='ltr'><strong>locum</strong></span> <span class='ocrx_word' id='word_1_23' title='bbox 1146 710 1178 766; x_wconf 91' lang='lat' dir='ltr'><strong>et</strong></span> <span class='ocrx_word' id='word_1_24' title='bbox 1210 700 1319 787; x_wconf 79' lang='lat' dir='ltr'>ibique</span> <span class='ocrx_word' id='word_1_25' title='bbox 1352 703 1469 767; x_wconf 88' lang='lat' dir='ltr'><strong>orabat.</strong></span> 
     </span>
     <span class='ocr_line' id='line_1_4' title="bbox 343 787 1470 873; baseline -0.004 -17"><span class='ocrx_word' id='word_1_26' title='bbox 343 803 378 856; x_wconf 85' lang='lat'><strong>36</strong></span> <span class='ocrx_word' id='word_1_27' title='bbox 401 790 553 869; x_wconf 86' lang='grc'><strong>64666641</strong></span> <span class='ocrx_word' id='word_1_28' title='bbox 576 793 650 856; x_wconf 88' lang='lat' dir='ltr'><strong>sunt</strong></span> <span class='ocrx_word' id='word_1_29' title='bbox 671 811 743 853; x_wconf 91' lang='lat' dir='ltr'><strong>eum</strong></span> <span class='ocrx_word' id='word_1_30' title='bbox 765 788 867 853; x_wconf 91' lang='lat' dir='ltr'><strong>simon</strong></span> <span class='ocrx_word' id='word_1_31' title='bbox 891 799 922 854; x_wconf 91' lang='lat' dir='ltr'><strong>et</strong></span> <span class='ocrx_word' id='word_1_32' title='bbox 944 788 998 873; x_wconf 94' lang='lat' dir='ltr'><strong>qui</strong></span> <span class='ocrx_word' id='word_1_33' title='bbox 1022 812 1093 854; x_wconf 90' lang='lat' dir='ltr'><strong>cum</strong></span> <span class='ocrx_word' id='word_1_34' title='bbox 1115 810 1153 852; x_wconf 93' lang='lat' dir='ltr'><strong>eo</strong></span> <span class='ocrx_word' id='word_1_35' title='bbox 1175 793 1265 853; x_wconf 90' lang='lat' dir='ltr'><strong>erant</strong></span> <span class='ocrx_word' id='word_1_36' title='bbox 1307 799 1340 852; x_wconf 85' lang='lat'><strong>37</strong></span> <span class='ocrx_word' id='word_1_37' title='bbox 1368 795 1401 852; x_wconf 89' lang='lat' dir='ltr'><strong>et</strong></span> <span class='ocrx_word' id='word_1_38' title='bbox 1425 787 1470 853; x_wconf 92' lang='lat' dir='ltr'><strong>in·</strong></span> 
     </span>
     <span class='ocr_line' id='line_1_5' title="bbox 344 871 1472 960; baseline -0.004 -19"><span class='ocrx_word' id='word_1_39' title='bbox 344 883 503 942; x_wconf 89' lang='lat' dir='ltr'><strong>uenerunt</strong></span> <span class='ocrx_word' id='word_1_40' title='bbox 525 899 597 940; x_wconf 91' lang='lat' dir='ltr'><strong>eum</strong></span> <span class='ocrx_word' id='word_1_41' title='bbox 621 882 653 940; x_wconf 91' lang='lat' dir='ltr'><strong>et</strong></span> <span class='ocrx_word' id='word_1_42' title='bbox 675 872 784 938; x_wconf 92' lang='lat' dir='ltr'><strong>dicunt</strong></span> <span class='ocrx_word' id='word_1_43' title='bbox 806 874 854 938; x_wconf 90' lang='lat' dir='ltr'><strong>illi</strong></span> <span class='ocrx_word' id='word_1_44' title='bbox 876 882 1034 960; x_wconf 90' lang='lat' dir='ltr'><strong>quaerunt</strong></span> <span class='ocrx_word' id='word_1_45' title='bbox 1055 887 1087 938; x_wconf 89' lang='grc'><strong>46</strong></span> <span class='ocrx_word' id='word_1_46' title='bbox 1109 896 1226 940; x_wconf 89' lang='lat' dir='ltr'><strong>omnes.</strong></span> <span class='ocrx_word' id='word_1_47' title='bbox 1270 884 1306 938; x_wconf 86' lang='lat'><strong>38</strong></span> <span class='ocrx_word' id='word_1_48' title='bbox 1327 873 1372 938; x_wconf 87' lang='lat' dir='ltr'><strong>Et</strong></span> <span class='ocrx_word' id='word_1_49' title='bbox 1393 871 1472 937; x_wconf 90' lang='lat' dir='ltr'><strong>dicit</strong></span> 
     </span>
     <span class='ocr_line' id='line_1_6' title="bbox 342 957 1470 1046; baseline -0.004 -19"><span class='ocrx_word' id='word_1_50' title='bbox 342 961 391 1027; x_wconf 95' lang='lat' dir='ltr'><strong>illi</strong></span> <span class='ocrx_word' id='word_1_51' title='bbox 414 984 521 1027; x_wconf 89' lang='lat' dir='ltr'><strong>eamus</strong></span> <span class='ocrx_word' id='word_1_52' title='bbox 544 960 584 1024; x_wconf 91' lang='lat' dir='ltr'><strong>ad</strong></span> <span class='ocrx_word' id='word_1_53' title='bbox 606 957 751 1046; x_wconf 86' lang='lat' dir='ltr'><strong>proxima</strong></span> <span class='ocrx_word' id='word_1_54' title='bbox 773 960 900 1025; x_wconf 90' lang='lat' dir='ltr'><strong>castella</strong></span> <span class='ocrx_word' id='word_1_55' title='bbox 923 970 955 1025; x_wconf 92' lang='lat' dir='ltr'><strong>et</strong></span> <span class='ocrx_word' id='word_1_56' title='bbox 970 959 1117 1025; x_wconf 88' lang='lat' dir='ltr'><strong>ciuitates</strong></span> <span class='ocrx_word' id='word_1_57' title='bbox 1138 957 1320 1044; x_wconf 89' lang='lat' dir='ltr'><strong>praedicare</strong></span> <span class='ocrx_word' id='word_1_58' title='bbox 1345 958 1385 1022; x_wconf 87' lang='lat' dir='ltr'><strong>ad</strong></span> <span class='ocrx_word' id='word_1_59' title='bbox 1411 959 1470 1022; x_wconf 93' lang='lat' dir='ltr'><strong>hoc</strong></span> 
     </span>
     <span class='ocr_line' id='line_1_7' title="bbox 344 1043 1470 1130; baseline -0.004 -18"><span class='ocrx_word' id='word_1_60' title='bbox 344 1045 431 1112; x_wconf 89' lang='lat' dir='ltr'><strong>enirn</strong></span> <span class='ocrx_word' id='word_1_61' title='bbox 452 1045 536 1111; x_wconf 91' lang='lat' dir='ltr'><strong>ueni.</strong></span> <span class='ocrx_word' id='word_1_62' title='bbox 581 1057 615 1110; x_wconf 87' lang='grc'><strong>39</strong></span> <span class='ocrx_word' id='word_1_63' title='bbox 645 1052 677 1109; x_wconf 91' lang='grc'><strong>64</strong></span> <span class='ocrx_word' id='word_1_64' title='bbox 704 1049 771 1109; x_wconf 88' lang='grc'><strong>6664</strong></span> <span class='ocrx_word' id='word_1_65' title='bbox 798 1046 982 1130; x_wconf 88' lang='lat' dir='ltr'><strong>praedicans</strong></span> <span class='ocrx_word' id='word_1_66' title='bbox 1010 1045 1044 1109; x_wconf 92' lang='lat' dir='ltr'><strong>in</strong></span> <span class='ocrx_word' id='word_1_67' title='bbox 1073 1044 1219 1109; x_wconf 90' lang='lat' dir='ltr'><strong>omnibus</strong></span> <span class='ocrx_word' id='word_1_68' title='bbox 1247 1043 1414 1128; x_wconf 86' lang='lat' dir='ltr'><strong>synagogis</strong></span> <span class='ocrx_word' id='word_1_69' title='bbox 1436 1044 1470 1108; x_wconf 92' lang='lat' dir='ltr'><strong>in</strong></span> 
     </span>
     <span class='ocr_line' id='line_1_8' title="bbox 344 1129 1470 1216; baseline -0.005 -18"><span class='ocrx_word' id='word_1_70' title='bbox 344 1137 410 1198; x_wconf 87' lang='lat' dir='ltr'><strong>tota</strong></span> <span class='ocrx_word' id='word_1_71' title='bbox 430 1131 564 1216; x_wconf 89' lang='lat' dir='ltr'><strong>galilaea</strong></span> <span class='ocrx_word' id='word_1_72' title='bbox 586 1138 618 1196; x_wconf 89' lang='lat' dir='ltr'><strong>et</strong></span> <span class='ocrx_word' id='word_1_73' title='bbox 640 1129 806 1194; x_wconf 90' lang='lat' dir='ltr'><strong>daemonia</strong></span> <span class='ocrx_word' id='word_1_74' title='bbox 828 1131 995 1216; x_wconf 86' lang='lat' dir='ltr'><strong>expellens.</strong></span> <span class='ocrx_word' id='word_1_75' title='bbox 1039 1140 1075 1196; x_wconf 84' lang='lat'><strong>40</strong></span> <span class='ocrx_word' id='word_1_76' title='bbox 1096 1131 1140 1196; x_wconf 88' lang='grc'><strong>114</strong></span> <span class='ocrx_word' id='word_1_77' title='bbox 1161 1129 1252 1194; x_wconf 89' lang='grc'><strong>66614</strong></span> <span class='ocrx_word' id='word_1_78' title='bbox 1272 1129 1313 1194; x_wconf 93' lang='lat' dir='ltr'><strong>ad</strong></span> <span class='ocrx_word' id='word_1_79' title='bbox 1334 1151 1407 1193; x_wconf 91' lang='lat' dir='ltr'><strong>eum</strong></span> <span class='ocrx_word' id='word_1_80' title='bbox 1429 1129 1470 1193; x_wconf 91' lang='lat' dir='ltr'><strong>le-</strong></span> 
     </span>
     <span class='ocr_line' id='line_1_9' title="bbox 343 1213 1471 1304; baseline -0.003 -23"><span class='ocrx_word' id='word_1_81' title='bbox 343 1241 453 1304; x_wconf 86' lang='lat' dir='ltr'><strong>prosus</strong></span> <span class='ocrx_word' id='word_1_82' title='bbox 476 1219 640 1282; x_wconf 81' lang='lat' dir='ltr'><strong>obsecrans</strong></span> <span class='ocrx_word' id='word_1_83' title='bbox 663 1239 737 1281; x_wconf 89' lang='lat' dir='ltr'><strong>eum</strong></span> <span class='ocrx_word' id='word_1_84' title='bbox 759 1224 791 1280; x_wconf 89' lang='lat' dir='ltr'><strong>et</strong></span> <span class='ocrx_word' id='word_1_85' title='bbox 812 1217 945 1300; x_wconf 86' lang='lat' dir='ltr'><strong>genibus</strong></span> <span class='ocrx_word' id='word_1_86' title='bbox 966 1216 1114 1281; x_wconf 91' lang='lat' dir='ltr'><strong>uolutans</strong></span> <span class='ocrx_word' id='word_1_87' title='bbox 1136 1215 1244 1280; x_wconf 90' lang='lat' dir='ltr'><strong>dicens</strong></span> <span class='ocrx_word' id='word_1_88' title='bbox 1272 1214 1321 1278; x_wconf 90' lang='lat' dir='ltr'><strong>illi</strong></span> <span class='ocrx_word' id='word_1_89' title='bbox 1351 1214 1413 1279; x_wconf 82' lang='lat' dir='ltr'><strong>dne</strong></span> <span class='ocrx_word' id='word_1_90' title='bbox 1442 1213 1471 1279; x_wconf 91' lang='lat' dir='ltr'><strong>si</strong></span> 
     </span>
     <span class='ocr_line' id='line_1_10' title="bbox 342 1300 1469 1387; baseline -0.005 -19"><span class='ocrx_word' id='word_1_91' title='bbox 342 1303 481 1368; x_wconf 90' lang='lat' dir='ltr'><strong>uolueris</strong></span> <span class='ocrx_word' id='word_1_92' title='bbox 510 1308 599 1387; x_wconf 90' lang='lat' dir='ltr'><strong>potes</strong></span> <span class='ocrx_word' id='word_1_93' title='bbox 627 1324 679 1365; x_wconf 91' lang='lat' dir='ltr'><strong>me</strong></span> <span class='ocrx_word' id='word_1_94' title='bbox 705 1301 859 1366; x_wconf 88' lang='lat' dir='ltr'><strong>mundare</strong></span> <span class='ocrx_word' id='word_1_95' title='bbox 901 1312 935 1366; x_wconf 92' lang='lat'><strong>41</strong></span> <span class='ocrx_word' id='word_1_96' title='bbox 963 1308 995 1366; x_wconf 93' lang='lat' dir='ltr'><strong>et</strong></span> <span class='ocrx_word' id='word_1_97' title='bbox 1016 1300 1229 1366; x_wconf 64' lang='lat' dir='ltr'><strong>misericordia</strong></span> <span class='ocrx_word' id='word_1_98' title='bbox 1250 1307 1338 1365; x_wconf 90' lang='lat' dir='ltr'><strong>actus</strong></span> <span class='ocrx_word' id='word_1_99' title='bbox 1360 1306 1469 1364; x_wconf 91' lang='lat' dir='ltr'><strong>exten·</strong></span> 
     </span>
     <span class='ocr_line' id='line_1_11' title="bbox 343 1384 1470 1471; baseline -0.004 -19"><span class='ocrx_word' id='word_1_100' title='bbox 343 1389 421 1454; x_wconf 90' lang='lat' dir='ltr'><strong>dens</strong></span> <span class='ocrx_word' id='word_1_101' title='bbox 442 1411 572 1452; x_wconf 89' lang='lat' dir='ltr'><strong>manum</strong></span> <span class='ocrx_word' id='word_1_102' title='bbox 594 1410 684 1453; x_wconf 91' lang='lat' dir='ltr'><strong>suam</strong></span> <span class='ocrx_word' id='word_1_103' title='bbox 706 1397 738 1452; x_wconf 92' lang='lat' dir='ltr'><strong>et</strong></span> <span class='ocrx_word' id='word_1_104' title='bbox 758 1387 863 1471; x_wconf 88' lang='lat' dir='ltr'><strong>tetigit</strong></span> <span class='ocrx_word' id='word_1_105' title='bbox 884 1411 957 1452; x_wconf 90' lang='lat' dir='ltr'><strong>eum</strong></span> <span class='ocrx_word' id='word_1_106' title='bbox 980 1395 1012 1452; x_wconf 92' lang='lat' dir='ltr'><strong>et</strong></span> <span class='ocrx_word' id='word_1_107' title='bbox 1041 1386 1123 1451; x_wconf 83' lang='lat' dir='ltr'><strong>dixit</strong></span> <span class='ocrx_word' id='word_1_108' title='bbox 1150 1385 1199 1450; x_wconf 91' lang='lat' dir='ltr'><strong>illi</strong></span> <span class='ocrx_word' id='word_1_109' title='bbox 1222 1386 1294 1450; x_wconf 93' lang='lat' dir='ltr'><strong>uolo</strong></span> <span class='ocrx_word' id='word_1_110' title='bbox 1317 1384 1470 1449; x_wconf 91' lang='lat' dir='ltr'><strong>mundare</strong></span> 
     </span>
     <span class='ocr_line' id='line_1_12' title="bbox 342 1469 1471 1558; baseline -0.002 -21"><span class='ocrx_word' id='word_1_111' title='bbox 342 1483 377 1537; x_wconf 83' lang='lat'><strong>42</strong></span> <span class='ocrx_word' id='word_1_112' title='bbox 399 1481 431 1539; x_wconf 91' lang='lat' dir='ltr'><strong>et</strong></span> <span class='ocrx_word' id='word_1_113' title='bbox 453 1473 603 1538; x_wconf 90' lang='lat' dir='ltr'><strong>continuo</strong></span> <span class='ocrx_word' id='word_1_114' title='bbox 626 1471 705 1537; x_wconf 91' lang='lat' dir='ltr'><strong>abiit</strong></span> <span class='ocrx_word' id='word_1_115' title='bbox 727 1474 766 1536; x_wconf 88' lang='lat' dir='ltr'><strong>ab</strong></span> <span class='ocrx_word' id='word_1_116' title='bbox 788 1495 825 1536; x_wconf 91' lang='lat' dir='ltr'><strong>eo</strong></span> <span class='ocrx_word' id='word_1_117' title='bbox 847 1473 935 1558; x_wconf 89' lang='lat' dir='ltr'><strong>lepra</strong></span> <span class='ocrx_word' id='word_1_118' title='bbox 978 1482 1014 1537; x_wconf 83' lang='lat'><strong>43</strong></span> <span class='ocrx_word' id='word_1_119' title='bbox 1036 1479 1068 1537; x_wconf 93' lang='grc'><strong>64</strong></span> <span class='ocrx_word' id='word_1_120' title='bbox 1089 1471 1183 1538; x_wconf 90' lang='grc'><strong>616614</strong></span> <span class='ocrx_word' id='word_1_121' title='bbox 1205 1494 1277 1535; x_wconf 91' lang='lat' dir='ltr'><strong>eum</strong></span> <span class='ocrx_word' id='word_1_122' title='bbox 1321 1480 1357 1534; x_wconf 88' lang='grc'><strong>44</strong></span> <span class='ocrx_word' id='word_1_123' title='bbox 1378 1478 1411 1534; x_wconf 94' lang='grc'><strong>64</strong></span> <span class='ocrx_word' id='word_1_124' title='bbox 1425 1469 1471 1535; x_wconf 89' lang='grc'><strong>614</strong></span> 
     </span>
     <span class='ocr_line' id='line_1_13' title="bbox 341 1553 1471 1624; baseline -0.004 -1"><span class='ocrx_word' id='word_1_125' title='bbox 341 1559 391 1624; x_wconf 90' lang='grc'><strong>1111</strong></span> <span class='ocrx_word' id='word_1_126' title='bbox 423 1558 498 1623; x_wconf 88' lang='lat' dir='ltr'><strong>uide</strong></span> <span class='ocrx_word' id='word_1_127' title='bbox 530 1581 571 1623; x_wconf 89' lang='grc'><strong>66</strong></span> <span class='ocrx_word' id='word_1_128' title='bbox 605 1557 656 1623; x_wconf 89' lang='grc'><strong>661</strong></span> <span class='ocrx_word' id='word_1_129' title='bbox 685 1556 770 1623; x_wconf 86' lang='lat' dir='ltr'><strong>dicas</strong></span> <span class='ocrx_word' id='word_1_130' title='bbox 798 1559 854 1623; x_wconf 90' lang='lat' dir='ltr'><strong>sed</strong></span> <span class='ocrx_word' id='word_1_131' title='bbox 881 1559 964 1623; x_wconf 89' lang='lat' dir='ltr'><strong>uade</strong></span> <span class='ocrx_word' id='word_1_132' title='bbox 992 1563 1024 1622; x_wconf 93' lang='lat' dir='ltr'><strong>et</strong></span> <span class='ocrx_word' id='word_1_133' title='bbox 1052 1558 1181 1622; x_wconf 86' lang='lat' dir='ltr'><strong>ostende</strong></span> <span class='ocrx_word' id='word_1_134' title='bbox 1208 1563 1240 1622; x_wconf 93' lang='grc'><strong>46</strong></span> <span class='ocrx_word' id='word_1_135' title='bbox 1262 1553 1416 1622; x_wconf 84' lang='lat' dir='ltr'><strong>sacerdoti</strong></span> <span class='ocrx_word' id='word_1_136' title='bbox 1438 1561 1471 1619; x_wconf 92' lang='lat' dir='ltr'><strong>et</strong></span> 
     </span>
     <span class='ocr_line' id='line_1_14' title="bbox 342 1639 1471 1730; baseline -0.005 -21"><span class='ocrx_word' id='word_1_137' title='bbox 342 1643 435 1710; x_wconf 89' lang='lat' dir='ltr'><strong>offert</strong></span> <span class='ocrx_word' id='word_1_138' title='bbox 456 1667 513 1730; x_wconf 90' lang='lat' dir='ltr'><strong>pro</strong></span> <span class='ocrx_word' id='word_1_139' title='bbox 536 1642 757 1709; x_wconf 81' lang='lat' dir='ltr'><strong>emundatione</strong></span> <span class='ocrx_word' id='word_1_140' title='bbox 776 1650 832 1708; x_wconf 92' lang='lat' dir='ltr'><strong>tua</strong></span> <span class='ocrx_word' id='word_1_141' title='bbox 847 1667 928 1729; x_wconf 89' lang='lat' dir='ltr'><strong>quae</strong></span> <span class='ocrx_word' id='word_1_142' title='bbox 942 1639 1102 1730; x_wconf 84' lang='lat' dir='ltr'><strong>praecepit</strong></span> <span class='ocrx_word' id='word_1_143' title='bbox 1116 1665 1240 1727; x_wconf 85' lang='lat' dir='ltr'><strong>moyses</strong></span> <span class='ocrx_word' id='word_1_144' title='bbox 1254 1639 1471 1706; x_wconf 90' lang='lat' dir='ltr'><strong>testimonium</strong></span> 
     </span>
     <span class='ocr_line' id='line_1_15' title="bbox 342 1725 1470 1815; baseline -0.004 -21"><span class='ocrx_word' id='word_1_145' title='bbox 342 1729 415 1795; x_wconf 84' lang='lat' dir='ltr'><strong>illis</strong></span> <span class='ocrx_word' id='word_1_146' title='bbox 460 1739 495 1794; x_wconf 79' lang='lat'><strong>45</strong></span> <span class='ocrx_word' id='word_1_147' title='bbox 526 1729 589 1792; x_wconf 94' lang='grc'><strong>1116</strong></span> <span class='ocrx_word' id='word_1_148' title='bbox 622 1734 728 1793; x_wconf 88' lang='lat' dir='ltr'><strong>autem</strong></span> <span class='ocrx_word' id='word_1_149' title='bbox 759 1728 868 1794; x_wconf 88' lang='lat' dir='ltr'><strong>exiens</strong></span> <span class='ocrx_word' id='word_1_150' title='bbox 900 1729 1003 1815; x_wconf 88' lang='lat' dir='ltr'><strong>coepit</strong></span> <span class='ocrx_word' id='word_1_151' title='bbox 1032 1727 1214 1814; x_wconf 89' lang='lat' dir='ltr'><strong>praedicare</strong></span> <span class='ocrx_word' id='word_1_152' title='bbox 1242 1734 1275 1792; x_wconf 90' lang='lat' dir='ltr'><strong>et</strong></span> <span class='ocrx_word' id='word_1_153' title='bbox 1307 1725 1470 1791; x_wconf 88' lang='lat' dir='ltr'><strong>diffamare</strong></span> 
     </span>
     <span class='ocr_line' id='line_1_16' title="bbox 343 1811 1470 1900; baseline -0.004 -20"><span class='ocrx_word' id='word_1_154' title='bbox 343 1816 476 1880; x_wconf 90' lang='lat' dir='ltr'><strong>uerbum</strong></span> <span class='ocrx_word' id='word_1_155' title='bbox 499 1814 601 1879; x_wconf 89' lang='lat' dir='ltr'><strong>itaut</strong></span> <span class='ocrx_word' id='word_1_156' title='bbox 623 1813 687 1878; x_wconf 90' lang='lat' dir='ltr'><strong>iam</strong></span> <span class='ocrx_word' id='word_1_157' title='bbox 709 1835 772 1878; x_wconf 91' lang='grc'><strong>666</strong></span> <span class='ocrx_word' id='word_1_158' title='bbox 795 1821 901 1900; x_wconf 90' lang='lat' dir='ltr'><strong>posset</strong></span> <span class='ocrx_word' id='word_1_159' title='bbox 922 1813 1090 1880; x_wconf 89' lang='lat' dir='ltr'><strong>manifeste</strong></span> <span class='ocrx_word' id='word_1_160' title='bbox 1106 1813 1139 1877; x_wconf 92' lang='lat' dir='ltr'><strong>in</strong></span> <span class='ocrx_word' id='word_1_161' title='bbox 1156 1811 1318 1878; x_wconf 89' lang='lat' dir='ltr'><strong>ciuitatem</strong></span> <span class='ocrx_word' id='word_1_162' title='bbox 1340 1812 1470 1876; x_wconf 87' lang='lat' dir='ltr'><strong>introire</strong></span> 
     </span>
     <span class='ocr_line' id='line_1_17' title="bbox 344 1899 1222 1966; baseline -0.005 0"><span class='ocrx_word' id='word_1_163' title='bbox 344 1900 399 1966; x_wconf 86' lang='lat' dir='ltr'><strong>sed</strong></span> <span class='ocrx_word' id='word_1_164' title='bbox 421 1899 497 1964; x_wconf 89' lang='lat' dir='ltr'><strong>foris</strong></span> <span class='ocrx_word' id='word_1_165' title='bbox 518 1899 550 1963; x_wconf 90' lang='lat' dir='ltr'><strong>in</strong></span> <span class='ocrx_word' id='word_1_166' title='bbox 575 1899 706 1964; x_wconf 81' lang='lat' dir='ltr'><strong>desertis</strong></span> <span class='ocrx_word' id='word_1_167' title='bbox 727 1901 802 1966; x_wconf 90' lang='lat' dir='ltr'><strong>locis</strong></span> <span class='ocrx_word' id='word_1_168' title='bbox 824 1900 1056 1965; x_wconf 89' lang='lat' dir='ltr'><strong>conueniebant</strong></span> <span class='ocrx_word' id='word_1_169' title='bbox 1077 1899 1117 1964; x_wconf 90' lang='lat' dir='ltr'><strong>ad</strong></span> <span class='ocrx_word' id='word_1_170' title='bbox 1139 1921 1222 1963; x_wconf 87' lang='lat' dir='ltr'><strong>eum.</strong></span> 
     </span>
    </p>

    <p class='ocr_par' dir='ltr' id='par_1_3' title="bbox 309 1983 1482 3673">
     <span class='ocr_line' id='line_1_18' title="bbox 430 1983 1471 2071; baseline -0.001 -23"><span class='ocrx_word' id='word_1_171' title='bbox 430 1986 478 2049; x_wconf 94' lang='grc'><strong>11.</strong></span> <span class='ocrx_word' id='word_1_172' title='bbox 522 1992 593 2050; x_wconf 88' lang='grc'><strong>164</strong></span> <span class='ocrx_word' id='word_1_173' title='bbox 614 1983 705 2048; x_wconf 91' lang='grc'><strong>66614</strong></span> <span class='ocrx_word' id='word_1_174' title='bbox 733 1985 850 2050; x_wconf 91' lang='lat' dir='ltr'><strong>iterum</strong></span> <span class='ocrx_word' id='word_1_175' title='bbox 873 1985 906 2050; x_wconf 93' lang='grc'><strong>16</strong></span> <span class='ocrx_word' id='word_1_176' title='bbox 934 1986 1145 2071; x_wconf 82' lang='lat' dir='ltr'><strong>capharnaum</strong></span> <span class='ocrx_word' id='word_1_177' title='bbox 1172 1988 1242 2069; x_wconf 90' lang='lat' dir='ltr'><strong>post</strong></span> <span class='ocrx_word' id='word_1_178' title='bbox 1270 1983 1347 2049; x_wconf 90' lang='lat' dir='ltr'><strong>dies.</strong></span> <span class='ocrx_word' id='word_1_179' title='bbox 1391 1994 1408 2047; x_wconf 79' lang='lat'>2</span> <span class='ocrx_word' id='word_1_180' title='bbox 1438 1987 1471 2048; x_wconf 90' lang='lat' dir='ltr'><strong>et</strong></span> 
     </span>
     <span class='ocr_line' id='line_1_19' title="bbox 345 2066 1471 2154; baseline -0.002 -20"><span class='ocrx_word' id='word_1_181' title='bbox 345 2069 488 2135; x_wconf 89' lang='lat' dir='ltr'><strong>auditum</strong></span> <span class='ocrx_word' id='word_1_182' title='bbox 512 2075 559 2135; x_wconf 91' lang='lat' dir='ltr'><strong>est</strong></span> <span class='ocrx_word' id='word_1_183' title='bbox 582 2069 730 2154; x_wconf 91' lang='lat' dir='ltr'><strong>quoniam</strong></span> <span class='ocrx_word' id='word_1_184' title='bbox 755 2071 839 2135; x_wconf 88' lang='lat' dir='ltr'><strong>domi</strong></span> <span class='ocrx_word' id='word_1_185' title='bbox 862 2077 909 2136; x_wconf 89' lang='lat' dir='ltr'><strong>est</strong></span> <span class='ocrx_word' id='word_1_186' title='bbox 925 2078 957 2136; x_wconf 92' lang='lat' dir='ltr'><strong>et</strong></span> <span class='ocrx_word' id='word_1_187' title='bbox 972 2070 1121 2137; x_wconf 89' lang='lat' dir='ltr'><strong>continuo</strong></span> <span class='ocrx_word' id='word_1_188' title='bbox 1136 2068 1259 2135; x_wconf 85' lang='lat' dir='ltr'><strong>collecti</strong></span> <span class='ocrx_word' id='word_1_189' title='bbox 1281 2077 1356 2134; x_wconf 91' lang='lat' dir='ltr'><strong>sunt</strong></span> <span class='ocrx_word' id='word_1_190' title='bbox 1376 2066 1471 2134; x_wconf 92' lang='lat' dir='ltr'><strong>multi</strong></span> 
     </span>
     <span class='ocr_line' id='line_1_20' title="bbox 345 2154 1472 2242; baseline -0.002 -22"><span class='ocrx_word' id='word_1_191' title='bbox 345 2156 391 2221; x_wconf 92' lang='lat' dir='ltr'><strong>ita</strong></span> <span class='ocrx_word' id='word_1_192' title='bbox 413 2164 533 2221; x_wconf 92' lang='lat' dir='ltr'><strong>utnon</strong></span> <span class='ocrx_word' id='word_1_193' title='bbox 559 2161 683 2240; x_wconf 90' lang='lat' dir='ltr'><strong>caperet</strong></span> <span class='ocrx_word' id='word_1_194' title='bbox 706 2156 817 2221; x_wconf 90' lang='lat' dir='ltr'><strong>domus</strong></span> <span class='ocrx_word' id='word_1_195' title='bbox 845 2164 878 2221; x_wconf 93' lang='grc'><strong>64</strong></span> <span class='ocrx_word' id='word_1_196' title='bbox 906 2157 1093 2242; x_wconf 89' lang='lat' dir='ltr'><strong>loquebatur</strong></span> <span class='ocrx_word' id='word_1_197' title='bbox 1114 2155 1178 2219; x_wconf 91' lang='lat' dir='ltr'><strong>illis</strong></span> <span class='ocrx_word' id='word_1_198' title='bbox 1201 2156 1343 2219; x_wconf 88' lang='lat' dir='ltr'><strong>uerbum.</strong></span> <span class='ocrx_word' id='word_1_199' title='bbox 1387 2165 1405 2218; x_wconf 87' lang='lat'><strong>3</strong></span> <span class='ocrx_word' id='word_1_200' title='bbox 1426 2154 1472 2218; x_wconf 85' lang='lat' dir='ltr'><strong>Et</strong></span> 
     </span>
     <span class='ocr_line' id='line_1_21' title="bbox 345 2241 1472 2327; baseline -0.003 -22"><span class='ocrx_word' id='word_1_201' title='bbox 345 2248 504 2306; x_wconf 87' lang='lat' dir='ltr'><strong>uenerunt</strong></span> <span class='ocrx_word' id='word_1_202' title='bbox 533 2241 573 2304; x_wconf 92' lang='lat' dir='ltr'><strong>ad</strong></span> <span class='ocrx_word' id='word_1_203' title='bbox 602 2242 691 2305; x_wconf 88' lang='lat' dir='ltr'><strong>illum</strong></span> <span class='ocrx_word' id='word_1_204' title='bbox 721 2247 881 2327; x_wconf 86' lang='lat' dir='ltr'><strong>portantes</strong></span> <span class='ocrx_word' id='word_1_205' title='bbox 909 2241 943 2305; x_wconf 93' lang='grc'><strong>16</strong></span> <span class='ocrx_word' id='word_1_206' title='bbox 971 2243 1114 2326; x_wconf 89' lang='lat' dir='ltr'><strong>grabatto</strong></span> <span class='ocrx_word' id='word_1_207' title='bbox 1140 2241 1368 2326; x_wconf 89' lang='lat' dir='ltr'><strong>paralyticum</strong></span> <span class='ocrx_word' id='word_1_208' title='bbox 1394 2250 1412 2302; x_wconf 92' lang='lat'>4</span> <span class='ocrx_word' id='word_1_209' title='bbox 1440 2244 1472 2303; x_wconf 91' lang='lat' dir='ltr'><strong>et</strong></span> 
     </span>
     <span class='ocr_line' id='line_1_22' title="bbox 346 2320 1471 2420; baseline -0.004 -28"><span class='ocrx_word' id='word_1_210' title='bbox 346 2350 416 2392; x_wconf 90' lang='lat' dir='ltr'><strong>cum</strong></span> <span class='ocrx_word' id='word_1_211' title='bbox 440 2349 504 2392; x_wconf 90' lang='grc'><strong>666</strong></span> <span class='ocrx_word' id='word_1_212' title='bbox 526 2332 653 2420; x_wconf 84' lang='lat' dir='ltr'><strong>possent</strong></span> <span class='ocrx_word' id='word_1_213' title='bbox 669 2320 824 2391; x_wconf 57' lang='lat' dir='ltr'><strong>&#39;accedere</strong></span> <span class='ocrx_word' id='word_1_214' title='bbox 845 2350 921 2413; x_wconf 90' lang='lat' dir='ltr'><strong>prae</strong></span> <span class='ocrx_word' id='word_1_215' title='bbox 942 2328 1067 2393; x_wconf 91' lang='lat' dir='ltr'><strong>turbam</strong></span> <span class='ocrx_word' id='word_1_216' title='bbox 1088 2326 1331 2391; x_wconf 88' lang='lat' dir='ltr'><strong>denudauerunt</strong></span> <span class='ocrx_word' id='word_1_217' title='bbox 1352 2331 1471 2390; x_wconf 88' lang='lat' dir='ltr'><strong>tectum</strong></span> 
     </span>
     <span class='ocr_line' id='line_1_23' title="bbox 309 2409 1471 2497; baseline -0.004 -17"><span class='ocrx_word' id='word_1_218' title='bbox 309 2475 311 2480; x_wconf 91' lang='lat'><em>.</em></span> <span class='ocrx_word' id='word_1_219' title='bbox 345 2411 399 2477; x_wconf 92' lang='lat' dir='ltr'><strong>ubi</strong></span> <span class='ocrx_word' id='word_1_220' title='bbox 432 2420 500 2478; x_wconf 87' lang='grc'><strong>6664</strong></span> <span class='ocrx_word' id='word_1_221' title='bbox 527 2412 579 2476; x_wconf 76' lang='lat' dir='ltr'><strong>ihs</strong></span> <span class='ocrx_word' id='word_1_222' title='bbox 614 2417 646 2476; x_wconf 91' lang='lat' dir='ltr'><strong>et</strong></span> <span class='ocrx_word' id='word_1_223' title='bbox 676 2413 902 2476; x_wconf 90' lang='lat' dir='ltr'><strong>summiserunt</strong></span> <span class='ocrx_word' id='word_1_224' title='bbox 930 2414 1109 2496; x_wconf 74' lang='lat' dir='ltr'><strong>grabattum</strong></span> <span class='ocrx_word' id='word_1_225' title='bbox 1137 2411 1171 2476; x_wconf 90' lang='grc'><strong>16</strong></span> <span class='ocrx_word' id='word_1_226' title='bbox 1194 2433 1257 2495; x_wconf 92' lang='grc'><strong>666</strong></span> <span class='ocrx_word' id='word_1_227' title='bbox 1278 2409 1471 2497; x_wconf 87' lang='lat' dir='ltr'><strong>paralyticus</strong></span> 
     </span>
     <span class='ocr_line' id='line_1_24' title="bbox 345 2495 1470 2581; baseline -0.003 -19"><span class='ocrx_word' id='word_1_228' title='bbox 345 2497 475 2562; x_wconf 91' lang='lat' dir='ltr'><strong>iacebat.</strong></span> <span class='ocrx_word' id='word_1_229' title='bbox 521 2509 537 2561; x_wconf 82' lang='lat'>5</span> <span class='ocrx_word' id='word_1_230' title='bbox 560 2503 592 2562; x_wconf 93' lang='grc'><strong>64</strong></span> <span class='ocrx_word' id='word_1_231' title='bbox 614 2521 685 2562; x_wconf 90' lang='lat' dir='ltr'><strong>cum</strong></span> <span class='ocrx_word' id='word_1_232' title='bbox 708 2497 841 2562; x_wconf 87' lang='lat' dir='ltr'><strong>uidisset</strong></span> <span class='ocrx_word' id='word_1_233' title='bbox 862 2497 914 2562; x_wconf 79' lang='lat' dir='ltr'><strong>ihs</strong></span> <span class='ocrx_word' id='word_1_234' title='bbox 935 2498 1030 2563; x_wconf 90' lang='lat' dir='ltr'><strong>fidem</strong></span> <span class='ocrx_word' id='word_1_235' title='bbox 1052 2497 1178 2562; x_wconf 90' lang='lat' dir='ltr'><strong>illorum</strong></span> <span class='ocrx_word' id='word_1_236' title='bbox 1194 2495 1276 2561; x_wconf 85' lang='lat' dir='ltr'><strong>dixit</strong></span> <span class='ocrx_word' id='word_1_237' title='bbox 1297 2495 1470 2581; x_wconf 90' lang='lat' dir='ltr'><strong>paralytico</strong></span> 
     </span>
     <span class='ocr_line' id='line_1_25' title="bbox 344 2581 1470 2668; baseline -0.002 -22"><span class='ocrx_word' id='word_1_238' title='bbox 344 2582 390 2647; x_wconf 89' lang='lat' dir='ltr'><strong>fili</strong></span> <span class='ocrx_word' id='word_1_239' title='bbox 412 2581 617 2648; x_wconf 90' lang='lat' dir='ltr'><strong>remittuntur</strong></span> <span class='ocrx_word' id='word_1_240' title='bbox 639 2582 697 2647; x_wconf 91' lang='lat' dir='ltr'><strong>tibi</strong></span> <span class='ocrx_word' id='word_1_241' title='bbox 720 2590 856 2668; x_wconf 86' lang='lat' dir='ltr'><strong>peccata.</strong></span> <span class='ocrx_word' id='word_1_242' title='bbox 892 2592 1018 2650; x_wconf 86' lang='grc'><strong>666664</strong></span> <span class='ocrx_word' id='word_1_243' title='bbox 1032 2591 1139 2648; x_wconf 90' lang='lat' dir='ltr'><strong>&#39;autem</strong></span> <span class='ocrx_word' id='word_1_244' title='bbox 1154 2582 1282 2668; x_wconf 90' lang='lat' dir='ltr'><strong>quidam</strong></span> <span class='ocrx_word' id='word_1_245' title='bbox 1297 2581 1470 2648; x_wconf 87' lang='lat' dir='ltr'><strong>scribarum</strong></span> 
     </span>
     <span class='ocr_line' id='line_1_26' title="bbox 343 2665 1471 2752; baseline -0.001 -21"><span class='ocrx_word' id='word_1_246' title='bbox 343 2667 410 2733; x_wconf 91' lang='lat' dir='ltr'><strong>illic</strong></span> <span class='ocrx_word' id='word_1_247' title='bbox 432 2669 577 2734; x_wconf 81' lang='lat' dir='ltr'><strong>sedentes</strong></span> <span class='ocrx_word' id='word_1_248' title='bbox 601 2672 632 2733; x_wconf 93' lang='lat' dir='ltr'><strong>et</strong></span> <span class='ocrx_word' id='word_1_249' title='bbox 655 2668 827 2752; x_wconf 87' lang='lat' dir='ltr'><strong>cogitantes</strong></span> <span class='ocrx_word' id='word_1_250' title='bbox 849 2668 882 2732; x_wconf 93' lang='lat' dir='ltr'><strong>in</strong></span> <span class='ocrx_word' id='word_1_251' title='bbox 906 2670 1051 2734; x_wconf 87' lang='lat' dir='ltr'><strong>cordibus</strong></span> <span class='ocrx_word' id='word_1_252' title='bbox 1066 2668 1131 2734; x_wconf 88' lang='lat' dir='ltr'><strong>suis</strong></span> <span class='ocrx_word' id='word_1_253' title='bbox 1146 2678 1179 2732; x_wconf 92' lang='lat' dir='ltr'><strong>et</strong></span> <span class='ocrx_word' id='word_1_254' title='bbox 1193 2667 1334 2732; x_wconf 90' lang='lat' dir='ltr'><strong>dicentes</strong></span> <span class='ocrx_word' id='word_1_255' title='bbox 1367 2665 1471 2750; x_wconf 83' lang='grc'><strong>16616</strong></span> 
     </span>
     <span class='ocr_line' id='line_1_27' title="bbox 344 2752 1482 2840; baseline -0.002 -22"><span class='ocrx_word' id='word_1_256' title='bbox 344 2757 391 2818; x_wconf 89' lang='grc'><strong>664</strong></span> <span class='ocrx_word' id='word_1_257' title='bbox 413 2753 463 2817; x_wconf 90' lang='lat' dir='ltr'><strong>hic</strong></span> <span class='ocrx_word' id='word_1_258' title='bbox 486 2753 542 2837; x_wconf 90' lang='lat' dir='ltr'><strong>qui</strong></span> <span class='ocrx_word' id='word_1_259' title='bbox 570 2754 711 2838; x_wconf 91' lang='lat' dir='ltr'><strong>loquitur</strong></span> <span class='ocrx_word' id='word_1_260' title='bbox 737 2752 901 2820; x_wconf 88' lang='lat' dir='ltr'><strong>blasfemia</strong></span> <span class='ocrx_word' id='word_1_261' title='bbox 931 2755 1002 2840; x_wconf 90' lang='lat' dir='ltr'><strong>quis</strong></span> <span class='ocrx_word' id='word_1_262' title='bbox 1031 2760 1135 2840; x_wconf 91' lang='lat' dir='ltr'><strong>potest</strong></span> <span class='ocrx_word' id='word_1_263' title='bbox 1157 2753 1317 2818; x_wconf 87' lang='lat' dir='ltr'><strong>dimittere</strong></span> <span class='ocrx_word' id='word_1_264' title='bbox 1342 2758 1482 2836; x_wconf 86' lang='lat' dir='ltr'><strong>peccata</strong></span> 
     </span>
     <span class='ocr_line' id='line_1_28' title="bbox 343 2838 1470 2925; baseline 0 -23"><span class='ocrx_word' id='word_1_265' title='bbox 343 2838 407 2904; x_wconf 92' lang='lat' dir='ltr'><strong>nisi</strong></span> <span class='ocrx_word' id='word_1_266' title='bbox 429 2839 514 2903; x_wconf 90' lang='lat' dir='ltr'><strong>solus</strong></span> <span class='ocrx_word' id='word_1_267' title='bbox 536 2839 582 2903; x_wconf 84' lang='lat' dir='ltr'><strong>ds.</strong></span> <span class='ocrx_word' id='word_1_268' title='bbox 628 2839 711 2904; x_wconf 91' lang='grc'><strong>8114</strong></span> <span class='ocrx_word' id='word_1_269' title='bbox 733 2839 883 2904; x_wconf 87' lang='grc'><strong>66641666</strong></span> <span class='ocrx_word' id='word_1_270' title='bbox 906 2862 1078 2924; x_wconf 88' lang='lat' dir='ltr'><strong>agnoscens</strong></span> <span class='ocrx_word' id='word_1_271' title='bbox 1101 2839 1152 2904; x_wconf 83' lang='lat' dir='ltr'><strong>ihs</strong></span> <span class='ocrx_word' id='word_1_272' title='bbox 1174 2839 1234 2925; x_wconf 76' lang='lat' dir='ltr'><strong>spii</strong></span> <span class='ocrx_word' id='word_1_273' title='bbox 1258 2838 1334 2922; x_wconf 93' lang='lat' dir='ltr'><strong>quid</strong></span> <span class='ocrx_word' id='word_1_274' title='bbox 1357 2838 1470 2921; x_wconf 87' lang='lat' dir='ltr'><strong>cogita·</strong></span> 
     </span>
     <span class='ocr_line' id='line_1_29' title="bbox 344 2922 1470 3009; baseline -0.001 -21"><span class='ocrx_word' id='word_1_275' title='bbox 344 2933 438 2988; x_wconf 91' lang='lat' dir='ltr'><strong>rent.</strong></span> <span class='ocrx_word' id='word_1_276' title='bbox 455 2923 532 2988; x_wconf 88' lang='lat' dir='ltr'><strong>dicit</strong></span> <span class='ocrx_word' id='word_1_277' title='bbox 553 2923 617 2988; x_wconf 91' lang='lat' dir='ltr'><strong>illis</strong></span> <span class='ocrx_word' id='word_1_278' title='bbox 639 2925 717 3009; x_wconf 93' lang='lat' dir='ltr'><strong>quid</strong></span> <span class='ocrx_word' id='word_1_279' title='bbox 739 2925 884 3008; x_wconf 89' lang='lat' dir='ltr'><strong>cogitatis</strong></span> <span class='ocrx_word' id='word_1_280' title='bbox 900 2926 933 2990; x_wconf 91' lang='lat' dir='ltr'><strong>in</strong></span> <span class='ocrx_word' id='word_1_281' title='bbox 949 2925 1093 2990; x_wconf 87' lang='lat' dir='ltr'><strong>cordibus</strong></span> <span class='ocrx_word' id='word_1_282' title='bbox 1114 2925 1230 2990; x_wconf 88' lang='lat' dir='ltr'><strong>uestris</strong></span> <span class='ocrx_word' id='word_1_283' title='bbox 1244 2924 1328 2988; x_wconf 88' lang='lat' dir='ltr'><strong>mala</strong></span> <span class='ocrx_word' id='word_1_284' title='bbox 1360 2935 1377 2988; x_wconf 80' lang='lat'>9</span> <span class='ocrx_word' id='word_1_285' title='bbox 1393 2922 1470 3006; x_wconf 92' lang='lat' dir='ltr'><strong>quid</strong></span> 
     </span>
     <span class='ocr_line' id='line_1_30' title="bbox 344 3007 1471 3096; baseline 0.001 -24"><span class='ocrx_word' id='word_1_286' title='bbox 344 3015 393 3074; x_wconf 89' lang='grc'><strong>664</strong></span> <span class='ocrx_word' id='word_1_287' title='bbox 407 3007 531 3072; x_wconf 87' lang='lat' dir='ltr'><strong>facilius</strong></span> <span class='ocrx_word' id='word_1_288' title='bbox 555 3009 659 3074; x_wconf 91' lang='lat' dir='ltr'><strong>dicere</strong></span> <span class='ocrx_word' id='word_1_289' title='bbox 682 3010 888 3075; x_wconf 88' lang='lat' dir='ltr'><strong>remittuntur</strong></span> <span class='ocrx_word' id='word_1_290' title='bbox 910 3011 969 3076; x_wconf 89' lang='lat' dir='ltr'><strong>tibi</strong></span> <span class='ocrx_word' id='word_1_291' title='bbox 992 3020 1121 3096; x_wconf 90' lang='lat' dir='ltr'><strong>peccata</strong></span> <span class='ocrx_word' id='word_1_292' title='bbox 1136 3015 1190 3075; x_wconf 92' lang='lat' dir='ltr'><strong>aut</strong></span> <span class='ocrx_word' id='word_1_293' title='bbox 1204 3010 1309 3074; x_wconf 89' lang='lat' dir='ltr'><strong>dicere</strong></span> <span class='ocrx_word' id='word_1_294' title='bbox 1324 3031 1416 3088; x_wconf 87' lang='lat' dir='ltr'><strong>surge</strong></span> <span class='ocrx_word' id='word_1_295' title='bbox 1439 3014 1471 3073; x_wconf 93' lang='lat' dir='ltr'><strong>et</strong></span> 
     </span>
     <span class='ocr_line' id='line_1_31' title="bbox 344 3093 1470 3182; baseline 0.001 -24"><span class='ocrx_word' id='word_1_296' title='bbox 344 3094 471 3159; x_wconf 89' lang='lat' dir='ltr'><strong>ambula</strong></span> <span class='ocrx_word' id='word_1_297' title='bbox 515 3099 733 3160; x_wconf 81' lang='lat' dir='ltr'><strong>mutantem</strong></span> <span class='ocrx_word' id='word_1_298' title='bbox 756 3095 861 3161; x_wconf 89' lang='grc'><strong>6616416</strong></span> <span class='ocrx_word' id='word_1_299' title='bbox 884 3096 1035 3181; x_wconf 90' lang='lat' dir='ltr'><strong>quoniam</strong></span> <span class='ocrx_word' id='word_1_300' title='bbox 1060 3102 1248 3182; x_wconf 91' lang='lat' dir='ltr'><strong>potestatem</strong></span> <span class='ocrx_word' id='word_1_301' title='bbox 1270 3095 1365 3159; x_wconf 90' lang='lat' dir='ltr'><strong>habet</strong></span> <span class='ocrx_word' id='word_1_302' title='bbox 1386 3093 1470 3159; x_wconf 87' lang='lat' dir='ltr'><strong>filius</strong></span> 
     </span>
     <span class='ocr_line' id='line_1_32' title="bbox 344 3178 1470 3268; baseline 0.002 -26"><span class='ocrx_word' id='word_1_303' title='bbox 344 3179 482 3244; x_wconf 89' lang='lat' dir='ltr'><strong>hominis</strong></span> <span class='ocrx_word' id='word_1_304' title='bbox 519 3202 612 3264; x_wconf 91' lang='lat' dir='ltr'><strong>super</strong></span> <span class='ocrx_word' id='word_1_305' title='bbox 649 3188 764 3245; x_wconf 88' lang='lat' dir='ltr'><strong>terram</strong></span> <span class='ocrx_word' id='word_1_306' title='bbox 801 3179 983 3247; x_wconf 87' lang='lat' dir='ltr'><strong>dimittendi</strong></span> <span class='ocrx_word' id='word_1_307' title='bbox 1011 3190 1140 3268; x_wconf 87' lang='lat' dir='ltr'><strong>peccata</strong></span> <span class='ocrx_word' id='word_1_308' title='bbox 1168 3232 1174 3244; x_wconf 90' lang='lat'><strong>.</strong></span> <span class='ocrx_word' id='word_1_309' title='bbox 1199 3178 1276 3246; x_wconf 88' lang='lat' dir='ltr'><strong>dicit</strong></span> <span class='ocrx_word' id='word_1_310' title='bbox 1298 3178 1470 3265; x_wconf 88' lang='lat' dir='ltr'><strong>paralytico</strong></span> 
     </span>
     <span class='ocr_line' id='line_1_33' title="bbox 345 3265 1468 3348; baseline -0.002 -20"><span class='ocrx_word' id='word_1_311' title='bbox 345 3275 377 3328; x_wconf 93' lang='lat'><strong>11</strong></span> <span class='ocrx_word' id='word_1_312' title='bbox 407 3287 499 3347; x_wconf 90' lang='lat' dir='ltr'><strong>surge</strong></span> <span class='ocrx_word' id='word_1_313' title='bbox 526 3266 601 3329; x_wconf 88' lang='lat' dir='ltr'><strong>tolle</strong></span> <span class='ocrx_word' id='word_1_314' title='bbox 628 3267 805 3348; x_wconf 86' lang='lat' dir='ltr'><strong>grabattum</strong></span> <span class='ocrx_word' id='word_1_315' title='bbox 836 3277 927 3330; x_wconf 91' lang='lat' dir='ltr'><strong>tuum</strong></span> <span class='ocrx_word' id='word_1_316' title='bbox 956 3273 989 3332; x_wconf 87' lang='lat' dir='ltr'><strong>et</strong></span> <span class='ocrx_word' id='word_1_317' title='bbox 1015 3268 1075 3331; x_wconf 92' lang='lat' dir='ltr'><strong>duc</strong></span> <span class='ocrx_word' id='word_1_318' title='bbox 1103 3276 1135 3331; x_wconf 92' lang='grc'><strong>46</strong></span> <span class='ocrx_word' id='word_1_319' title='bbox 1163 3265 1197 3330; x_wconf 91' lang='grc'><strong>16</strong></span> <span class='ocrx_word' id='word_1_320' title='bbox 1221 3267 1348 3330; x_wconf 90' lang='lat' dir='ltr'><strong>domum</strong></span> <span class='ocrx_word' id='word_1_321' title='bbox 1371 3274 1468 3329; x_wconf 90' lang='lat' dir='ltr'><strong>tuam.</strong></span> 
     </span>
     <span class='ocr_line' id='line_1_34' title="bbox 345 3349 1471 3434; baseline 0.004 -22"><span class='ocrx_word' id='word_1_322' title='bbox 345 3360 378 3412; x_wconf 82' lang='lat'><strong>12</strong></span> <span class='ocrx_word' id='word_1_323' title='bbox 399 3351 444 3414; x_wconf 84' lang='lat' dir='ltr'><strong>Et</strong></span> <span class='ocrx_word' id='word_1_324' title='bbox 466 3373 596 3434; x_wconf 87' lang='lat' dir='ltr'><strong>surgens</strong></span> <span class='ocrx_word' id='word_1_325' title='bbox 625 3351 792 3416; x_wconf 87' lang='lat' dir='ltr'><strong>adsumens</strong></span> <span class='ocrx_word' id='word_1_326' title='bbox 820 3353 999 3433; x_wconf 85' lang='lat' dir='ltr'><strong>grabattum</strong></span> <span class='ocrx_word' id='word_1_327' title='bbox 1029 3375 1134 3418; x_wconf 91' lang='lat' dir='ltr'><strong>coram</strong></span> <span class='ocrx_word' id='word_1_328' title='bbox 1156 3350 1300 3416; x_wconf 81' lang='lat' dir='ltr'><strong>omnibus</strong></span> <span class='ocrx_word' id='word_1_329' title='bbox 1322 3349 1400 3414; x_wconf 89' lang='lat' dir='ltr'><strong>abiit</strong></span> <span class='ocrx_word' id='word_1_330' title='bbox 1425 3349 1471 3416; x_wconf 89' lang='lat' dir='ltr'><strong>ita</strong></span> 
     </span>
     <span class='ocr_line' id='line_1_35' title="bbox 344 3435 1470 3520; baseline 0.002 -22"><span class='ocrx_word' id='word_1_331' title='bbox 344 3440 381 3499; x_wconf 93' lang='lat' dir='ltr'><strong>ut</strong></span> <span class='ocrx_word' id='word_1_332' title='bbox 402 3435 633 3500; x_wconf 88' lang='lat' dir='ltr'><strong>admirarentur</strong></span> <span class='ocrx_word' id='word_1_333' title='bbox 656 3484 663 3498; x_wconf 90' lang='lat'><strong>.</strong></span> <span class='ocrx_word' id='word_1_334' title='bbox 687 3445 719 3501; x_wconf 91' lang='lat' dir='ltr'><strong>et</strong></span> <span class='ocrx_word' id='word_1_335' title='bbox 741 3436 948 3502; x_wconf 89' lang='lat' dir='ltr'><strong>clarificarent</strong></span> <span class='ocrx_word' id='word_1_336' title='bbox 976 3461 1049 3502; x_wconf 90' lang='lat' dir='ltr'><strong>eum</strong></span> <span class='ocrx_word' id='word_1_337' title='bbox 1079 3437 1219 3502; x_wconf 89' lang='lat' dir='ltr'><strong>dicentes</strong></span> <span class='ocrx_word' id='word_1_338' title='bbox 1248 3436 1398 3520; x_wconf 91' lang='lat' dir='ltr'><strong>quoniam</strong></span> <span class='ocrx_word' id='word_1_339' title='bbox 1425 3435 1470 3500; x_wconf 92' lang='grc'><strong>616</strong></span> 
     </span>
     <span class='ocr_line' id='line_1_36' title="bbox 344 3521 1470 3606; baseline 0 -22"><span class='ocrx_word' id='word_1_340' title='bbox 344 3544 519 3606; x_wconf 88' lang='lat' dir='ltr'><strong>numquam</strong></span> <span class='ocrx_word' id='word_1_341' title='bbox 550 3521 657 3587; x_wconf 86' lang='lat' dir='ltr'><strong>taliter</strong></span> <span class='ocrx_word' id='word_1_342' title='bbox 690 3522 828 3586; x_wconf 86' lang='lat' dir='ltr'><strong>uidimus</strong></span> <span class='ocrx_word' id='word_1_343' title='bbox 872 3534 906 3588; x_wconf 92' lang='lat'><strong>13</strong></span> <span class='ocrx_word' id='word_1_344' title='bbox 940 3530 971 3587; x_wconf 91' lang='grc'><strong>64</strong></span> <span class='ocrx_word' id='word_1_345' title='bbox 999 3522 1103 3588; x_wconf 88' lang='lat' dir='ltr'><strong>exiuit</strong></span> <span class='ocrx_word' id='word_1_346' title='bbox 1130 3522 1243 3586; x_wconf 90' lang='lat' dir='ltr'><strong>iterum</strong></span> <span class='ocrx_word' id='word_1_347' title='bbox 1267 3522 1307 3585; x_wconf 92' lang='lat' dir='ltr'><strong>ad</strong></span> <span class='ocrx_word' id='word_1_348' title='bbox 1330 3544 1416 3585; x_wconf 88' lang='lat' dir='ltr'><strong>mare</strong></span> <span class='ocrx_word' id='word_1_349' title='bbox 1438 3533 1470 3585; x_wconf 90' lang='grc'><strong>64</strong></span> 
     </span>
     <span class='ocr_line' id='line_1_37' title="bbox 344 3606 1471 3673; baseline 0 -2"><span class='ocrx_word' id='word_1_350' title='bbox 344 3607 447 3671; x_wconf 88' lang='lat' dir='ltr'><strong>omnis</strong></span> <span class='ocrx_word' id='word_1_351' title='bbox 480 3607 590 3670; x_wconf 89' lang='lat' dir='ltr'><strong>turbae</strong></span> <span class='ocrx_word' id='word_1_352' title='bbox 618 3608 789 3672; x_wconf 89' lang='lat' dir='ltr'><strong>ueniebant</strong></span> <span class='ocrx_word' id='word_1_353' title='bbox 814 3609 854 3672; x_wconf 91' lang='lat' dir='ltr'><strong>ad</strong></span> <span class='ocrx_word' id='word_1_354' title='bbox 883 3609 973 3672; x_wconf 91' lang='lat' dir='ltr'><strong>illum</strong></span> <span class='ocrx_word' id='word_1_355' title='bbox 1005 3618 1038 3673; x_wconf 91' lang='grc'><strong>64</strong></span> <span class='ocrx_word' id='word_1_356' title='bbox 1066 3609 1197 3672; x_wconf 90' lang='lat' dir='ltr'><strong>docebat</strong></span> <span class='ocrx_word' id='word_1_357' title='bbox 1224 3606 1305 3672; x_wconf 88' lang='lat' dir='ltr'><strong>illos.</strong></span> <span class='ocrx_word' id='word_1_358' title='bbox 1361 3616 1395 3669; x_wconf 92' lang='lat'><strong>14</strong></span> <span class='ocrx_word' id='word_1_359' title='bbox 1426 3606 1471 3671; x_wconf 84' lang='lat' dir='ltr'><strong>Et</strong></span> 
     </span>
    </p>
   </div>
   <div class='ocr_carea' id='block_1_3' title="bbox 228 3690 1536 3788">
    <p class='ocr_par' dir='ltr' id='par_1_4' title="bbox 228 3690 1536 3788">
     <span class='ocr_line' id='line_1_38' title="bbox 228 3690 1536 3788; baseline 0.005 -35"><span class='ocrx_word' id='word_1_360' title='bbox 228 3763 231 3770; x_wconf 26' lang='lat'>¹</span> <span class='ocrx_word' id='word_1_361' title='bbox 343 3690 536 3788; x_wconf 89' lang='lat' dir='ltr'><strong>praeteriens</strong></span> <span class='ocrx_word' id='word_1_362' title='bbox 559 3691 640 3757; x_wconf 90' lang='lat' dir='ltr'><strong>uidit</strong></span> <span class='ocrx_word' id='word_1_363' title='bbox 661 3692 804 3757; x_wconf 89' lang='lat' dir='ltr'><strong>iacobum</strong></span> <span class='ocrx_word' id='word_1_364' title='bbox 827 3693 934 3778; x_wconf 92' lang='lat' dir='ltr'><strong>alphei</strong></span> <span class='ocrx_word' id='word_1_365' title='bbox 955 3694 1117 3758; x_wconf 89' lang='lat' dir='ltr'><strong>sedentem</strong></span> <span class='ocrx_word' id='word_1_366' title='bbox 1132 3693 1176 3756; x_wconf 80' lang='grc'><strong>16</strong></span> <span class='ocrx_word' id='word_1_367' title='bbox 1201 3693 1326 3757; x_wconf 89' lang='grc'><strong>4616666</strong></span> <span class='ocrx_word' id='word_1_368' title='bbox 1341 3698 1374 3756; x_wconf 85' lang='lat' dir='ltr'><strong>et</strong></span> <span class='ocrx_word' id='word_1_369' title='bbox 1389 3691 1471 3758; x_wconf 89' lang='lat' dir='ltr'><strong>dixit</strong></span> <span class='ocrx_word' id='word_1_370' title='bbox 1534 3710 1536 3712; x_wconf 77' lang='grc'><strong>’</strong></span> 
     </span>
    </p>
   </div>
   <div class='ocr_carea' id='block_1_4' title="bbox 343 3777 1470 4547">
    <p class='ocr_par' dir='ltr' id='par_1_5' title="bbox 343 3777 1470 4547">
     <span class='ocr_line' id='line_1_39' title="bbox 343 3777 1470 3862; baseline 0.003 -23"><span class='ocrx_word' id='word_1_371' title='bbox 343 3777 392 3840; x_wconf 85' lang='grc'><strong>6111</strong></span> <span class='ocrx_word' id='word_1_372' title='bbox 415 3799 546 3860; x_wconf 86' lang='lat' dir='ltr'><strong>sequere</strong></span> <span class='ocrx_word' id='word_1_373' title='bbox 569 3801 620 3842; x_wconf 92' lang='lat' dir='ltr'><strong>me</strong></span> <span class='ocrx_word' id='word_1_374' title='bbox 636 3784 668 3842; x_wconf 92' lang='lat' dir='ltr'><strong>et</strong></span> <span class='ocrx_word' id='word_1_375' title='bbox 682 3801 813 3862; x_wconf 85' lang='lat' dir='ltr'><strong>surgens</strong></span> <span class='ocrx_word' id='word_1_376' title='bbox 828 3788 955 3848; x_wconf 89' lang='lat' dir='ltr'><strong>secutus</strong></span> <span class='ocrx_word' id='word_1_377' title='bbox 970 3786 1018 3844; x_wconf 92' lang='lat' dir='ltr'><strong>est</strong></span> <span class='ocrx_word' id='word_1_378' title='bbox 1031 3803 1114 3843; x_wconf 88' lang='lat' dir='ltr'><strong>eum.</strong></span> <span class='ocrx_word' id='word_1_379' title='bbox 1160 3789 1193 3842; x_wconf 82' lang='lat'><strong>15</strong></span> <span class='ocrx_word' id='word_1_380' title='bbox 1215 3777 1259 3842; x_wconf 87' lang='lat' dir='ltr'><strong>Et</strong></span> <span class='ocrx_word' id='word_1_381' title='bbox 1282 3778 1400 3842; x_wconf 83' lang='lat' dir='ltr'><strong>factum</strong></span> <span class='ocrx_word' id='word_1_382' title='bbox 1422 3785 1470 3842; x_wconf 91' lang='lat' dir='ltr'><strong>est</strong></span> 
     </span>
     <span class='ocr_line' id='line_1_40' title="bbox 344 3863 1470 3950; baseline 0 -24"><span class='ocrx_word' id='word_1_383' title='bbox 344 3885 416 3926; x_wconf 90' lang='lat' dir='ltr'><strong>curn</strong></span> <span class='ocrx_word' id='word_1_384' title='bbox 438 3863 657 3929; x_wconf 88' lang='lat' dir='ltr'><strong>recumberent</strong></span> <span class='ocrx_word' id='word_1_385' title='bbox 679 3863 712 3927; x_wconf 93' lang='lat' dir='ltr'><strong>in</strong></span> <span class='ocrx_word' id='word_1_386' title='bbox 735 3864 863 3928; x_wconf 90' lang='lat' dir='ltr'><strong>domum</strong></span> <span class='ocrx_word' id='word_1_387' title='bbox 885 3866 955 3928; x_wconf 88' lang='grc'><strong>6166</strong></span> <span class='ocrx_word' id='word_1_388' title='bbox 983 3864 1076 3929; x_wconf 90' lang='lat' dir='ltr'><strong>multi</strong></span> <span class='ocrx_word' id='word_1_389' title='bbox 1104 3871 1283 3950; x_wconf 88' lang='lat' dir='ltr'><strong>peccatores</strong></span> <span class='ocrx_word' id='word_1_390' title='bbox 1314 3864 1470 3927; x_wconf 92' lang='lat' dir='ltr'><strong>recumbe·</strong></span> 
     </span>
     <span class='ocr_line' id='line_1_41' title="bbox 344 3947 1470 4032; baseline -0.001 -21"><span class='ocrx_word' id='word_1_391' title='bbox 344 3948 420 4011; x_wconf 91' lang='lat' dir='ltr'><strong>bant</strong></span> <span class='ocrx_word' id='word_1_392' title='bbox 443 3971 515 4012; x_wconf 91' lang='lat' dir='ltr'><strong>cum</strong></span> <span class='ocrx_word' id='word_1_393' title='bbox 544 3947 602 4011; x_wconf 80' lang='grc'><strong>11611</strong></span> <span class='ocrx_word' id='word_1_394' title='bbox 629 3960 661 4012; x_wconf 89' lang='grc'><strong>64</strong></span> <span class='ocrx_word' id='word_1_395' title='bbox 688 3973 759 4014; x_wconf 91' lang='lat' dir='ltr'><strong>cum</strong></span> <span class='ocrx_word' id='word_1_396' title='bbox 788 3949 982 4015; x_wconf 87' lang='lat' dir='ltr'><strong>discentibus</strong></span> <span class='ocrx_word' id='word_1_397' title='bbox 1008 3949 1076 4014; x_wconf 91' lang='grc'><strong>6166</strong></span> <span class='ocrx_word' id='word_1_398' title='bbox 1103 3947 1277 4013; x_wconf 90' lang='lat' dir='ltr'><strong>eratenim</strong></span> <span class='ocrx_word' id='word_1_399' title='bbox 1300 3948 1393 4012; x_wconf 89' lang='lat' dir='ltr'><strong>multi</strong></span> <span class='ocrx_word' id='word_1_400' title='bbox 1415 3947 1470 4032; x_wconf 92' lang='grc'><strong>661</strong></span> 
     </span>
     <span class='ocr_line' id='line_1_42' title="bbox 343 4032 1469 4100; baseline -0.001 -3"><span class='ocrx_word' id='word_1_401' title='bbox 343 4032 444 4097; x_wconf 88' lang='grc'><strong>666641</strong></span> <span class='ocrx_word' id='word_1_402' title='bbox 467 4042 541 4097; x_wconf 90' lang='grc'><strong>6664</strong></span> <span class='ocrx_word' id='word_1_403' title='bbox 563 4033 654 4098; x_wconf 90' lang='lat' dir='ltr'><strong>illum</strong></span> <span class='ocrx_word' id='word_1_404' title='bbox 698 4046 732 4098; x_wconf 88' lang='grc'><strong>16</strong></span> <span class='ocrx_word' id='word_1_405' title='bbox 754 4035 873 4099; x_wconf 82' lang='grc'><strong>66611666</strong></span> <span class='ocrx_word' id='word_1_406' title='bbox 896 4043 1002 4099; x_wconf 91' lang='lat' dir='ltr'><strong>autem</strong></span> <span class='ocrx_word' id='word_1_407' title='bbox 1026 4045 1058 4100; x_wconf 92' lang='grc'><strong>64</strong></span> <span class='ocrx_word' id='word_1_408' title='bbox 1079 4033 1206 4098; x_wconf 88' lang='lat' dir='ltr'><strong>farisaei</strong></span> <span class='ocrx_word' id='word_1_409' title='bbox 1235 4034 1382 4098; x_wconf 88' lang='lat' dir='ltr'><strong>dicebant</strong></span> <span class='ocrx_word' id='word_1_410' title='bbox 1410 4032 1469 4096; x_wconf 90' lang='lat' dir='ltr'><strong>dis·</strong></span> 
     </span>
     <span class='ocr_line' id='line_1_43' title="bbox 344 4117 1468 4205; baseline -0.003 -23"><span class='ocrx_word' id='word_1_411' title='bbox 344 4117 487 4182; x_wconf 90' lang='lat' dir='ltr'><strong>centibus</strong></span> <span class='ocrx_word' id='word_1_412' title='bbox 510 4118 578 4183; x_wconf 89' lang='lat' dir='ltr'><strong>eius</strong></span> <span class='ocrx_word' id='word_1_413' title='bbox 601 4143 698 4204; x_wconf 83' lang='lat' dir='ltr'><strong>quere</strong></span> <span class='ocrx_word' id='word_1_414' title='bbox 721 4143 792 4184; x_wconf 89' lang='lat' dir='ltr'><strong>curn</strong></span> <span class='ocrx_word' id='word_1_415' title='bbox 815 4119 992 4205; x_wconf 90' lang='lat' dir='ltr'><strong>publicanis</strong></span> <span class='ocrx_word' id='word_1_416' title='bbox 1007 4127 1039 4185; x_wconf 92' lang='lat' dir='ltr'><strong>et</strong></span> <span class='ocrx_word' id='word_1_417' title='bbox 1053 4118 1268 4205; x_wconf 84' lang='lat' dir='ltr'><strong>peccatoribus</strong></span> <span class='ocrx_word' id='word_1_418' title='bbox 1291 4119 1468 4183; x_wconf 91' lang='lat' dir='ltr'><strong>manducat.</strong></span> 
     </span>
     <span class='ocr_line' id='line_1_44' title="bbox 345 4203 1470 4290; baseline 0.001 -24"><span class='ocrx_word' id='word_1_419' title='bbox 345 4213 377 4267; x_wconf 81' lang='lat'><strong>17</strong></span> <span class='ocrx_word' id='word_1_420' title='bbox 400 4203 444 4267; x_wconf 83' lang='lat' dir='ltr'><strong>Et</strong></span> <span class='ocrx_word' id='word_1_421' title='bbox 466 4226 537 4268; x_wconf 89' lang='lat' dir='ltr'><strong>cum</strong></span> <span class='ocrx_word' id='word_1_422' title='bbox 561 4206 701 4269; x_wconf 88' lang='lat' dir='ltr'><strong>audisset</strong></span> <span class='ocrx_word' id='word_1_423' title='bbox 723 4204 775 4268; x_wconf 81' lang='lat' dir='ltr'><strong>ihs</strong></span> <span class='ocrx_word' id='word_1_424' title='bbox 798 4205 880 4269; x_wconf 90' lang='lat' dir='ltr'><strong>dixit</strong></span> <span class='ocrx_word' id='word_1_425' title='bbox 901 4205 965 4269; x_wconf 91' lang='lat' dir='ltr'><strong>illis</strong></span> <span class='ocrx_word' id='word_1_426' title='bbox 988 4229 1051 4269; x_wconf 93' lang='lat' dir='ltr'><strong>non</strong></span> <span class='ocrx_word' id='word_1_427' title='bbox 1066 4213 1114 4270; x_wconf 79' lang='grc'><strong>664</strong></span> <span class='ocrx_word' id='word_1_428' title='bbox 1129 4227 1207 4290; x_wconf 89' lang='lat' dir='ltr'><strong>opus</strong></span> <span class='ocrx_word' id='word_1_429' title='bbox 1222 4204 1307 4269; x_wconf 88' lang='lat' dir='ltr'><strong>sanis</strong></span> <span class='ocrx_word' id='word_1_430' title='bbox 1331 4205 1470 4268; x_wconf 90' lang='lat' dir='ltr'><strong>medicus</strong></span> 
     </span>
     <span class='ocr_line' id='line_1_45' title="bbox 343 4288 1468 4374; baseline 0 -22"><span class='ocrx_word' id='word_1_431' title='bbox 343 4288 398 4352; x_wconf 89' lang='lat' dir='ltr'><strong>sed</strong></span> <span class='ocrx_word' id='word_1_432' title='bbox 425 4290 508 4353; x_wconf 87' lang='lat' dir='ltr'><strong>male</strong></span> <span class='ocrx_word' id='word_1_433' title='bbox 539 4290 727 4354; x_wconf 91' lang='lat' dir='ltr'><strong>habentibus</strong></span> <span class='ocrx_word' id='word_1_434' title='bbox 756 4313 819 4353; x_wconf 90' lang='lat' dir='ltr'><strong>non</strong></span> <span class='ocrx_word' id='word_1_435' title='bbox 849 4291 924 4354; x_wconf 91' lang='grc'><strong>6661</strong></span> <span class='ocrx_word' id='word_1_436' title='bbox 947 4290 1182 4356; x_wconf 89' lang='lat' dir='ltr'><strong>uocareinstos</strong></span> <span class='ocrx_word' id='word_1_437' title='bbox 1205 4290 1259 4354; x_wconf 88' lang='lat' dir='ltr'><strong>sed</strong></span> <span class='ocrx_word' id='word_1_438' title='bbox 1282 4294 1468 4374; x_wconf 90' lang='lat' dir='ltr'><strong>peccatores.</strong></span> 
     </span>
     <span class='ocr_line' id='line_1_46' title="bbox 344 4374 1470 4462; baseline 0 -26"><span class='ocrx_word' id='word_1_439' title='bbox 344 4385 377 4437; x_wconf 83' lang='lat'><strong>18</strong></span> <span class='ocrx_word' id='word_1_440' title='bbox 399 4374 443 4438; x_wconf 87' lang='lat' dir='ltr'><strong>Et</strong></span> <span class='ocrx_word' id='word_1_441' title='bbox 458 4379 548 4438; x_wconf 89' lang='lat' dir='ltr'><strong>erant</strong></span> <span class='ocrx_word' id='word_1_442' title='bbox 570 4375 716 4460; x_wconf 89' lang='lat' dir='ltr'><strong>discipuli</strong></span> <span class='ocrx_word' id='word_1_443' title='bbox 739 4374 885 4440; x_wconf 90' lang='lat' dir='ltr'><strong>iohannis</strong></span> <span class='ocrx_word' id='word_1_444' title='bbox 908 4380 941 4440; x_wconf 89' lang='lat' dir='ltr'><strong>et</strong></span> <span class='ocrx_word' id='word_1_445' title='bbox 962 4375 1120 4462; x_wconf 89' lang='lat' dir='ltr'><strong>pharisaei</strong></span> <span class='ocrx_word' id='word_1_446' title='bbox 1136 4375 1315 4439; x_wconf 89' lang='lat' dir='ltr'><strong>ieiunantes</strong></span> <span class='ocrx_word' id='word_1_447' title='bbox 1330 4380 1362 4439; x_wconf 91' lang='lat' dir='ltr'><strong>et</strong></span> <span class='ocrx_word' id='word_1_448' title='bbox 1377 4397 1470 4437; x_wconf 92' lang='lat' dir='ltr'><strong>uene·</strong></span> 
     </span>
     <span class='ocr_line' id='line_1_47' title="bbox 343 4458 1470 4547; baseline -0.001 -25"><span class='ocrx_word' id='word_1_449' title='bbox 343 4466 418 4524; x_wconf 88' lang='lat' dir='ltr'><strong>runt</strong></span> <span class='ocrx_word' id='word_1_450' title='bbox 452 4465 482 4524; x_wconf 92' lang='lat' dir='ltr'><strong>et</strong></span> <span class='ocrx_word' id='word_1_451' title='bbox 516 4460 664 4525; x_wconf 87' lang='lat' dir='ltr'><strong>dixerunt</strong></span> <span class='ocrx_word' id='word_1_452' title='bbox 697 4459 746 4524; x_wconf 93' lang='lat' dir='ltr'><strong>illi</strong></span> <span class='ocrx_word' id='word_1_453' title='bbox 780 4483 876 4544; x_wconf 88' lang='lat' dir='ltr'><strong>quare</strong></span> <span class='ocrx_word' id='word_1_454' title='bbox 910 4461 1057 4547; x_wconf 90' lang='lat' dir='ltr'><strong>discipuli</strong></span> <span class='ocrx_word' id='word_1_455' title='bbox 1088 4460 1234 4525; x_wconf 85' lang='lat' dir='ltr'><strong>iohannis</strong></span> <span class='ocrx_word' id='word_1_456' title='bbox 1264 4467 1296 4524; x_wconf 93' lang='lat' dir='ltr'><strong>et</strong></span> <span class='ocrx_word' id='word_1_457' title='bbox 1322 4458 1470 4543; x_wconf 83' lang='lat' dir='ltr'><strong>discipuli</strong></span> 
     </span>
    </p>
   </div>
   <div class='ocr_carea' id='block_1_5' title="bbox 0 0 1838 5284">
    <p class='ocr_par' dir='ltr' id='par_1_6' title="bbox 0 0 1838 5284">
     <span class='ocr_line' id='line_1_48' title="bbox 0 0 1838 5284; baseline 0 0"><span class='ocrx_word' id='word_1_458' title='bbox 0 0 1838 5284; x_wconf 95' lang='lat' dir='ltr'><strong> </strong></span> 
     </span>
    </p>
   </div>
  </div>
 </body>
</html>
