3667 5284
415 480 456 543 72
916 476 1041 530 111166,
1442 474 1473 528 O.
1496 477 1537 526 13.

415 667 488 752 quia
518 666 673 731 debitores
702 665 832 730 fuerunt
860 688 955 750 super
985 687 1094 728 omnes
1128 663 1272 728 homines
1306 662 1361 748 qui
1392 662 1537 727 habitant

414 752 604 817 hierusalem
649 762 750 815 bnon
773 751 842 814 dico
865 750 950 814 enim
972 748 1062 814 uobis
1084 749 1145 814 nisi
1168 749 1394 835 paenitentiam
1410 747 1538 832 egeritis

415 860 523 902 omnes
546 837 591 902 sic
612 837 729 922 peritis.
775 847 791 900 6
819 835 954 900 Dicebat
967 843 1081 900 autem
1103 835 1195 899 istam
1225 832 1466 898 similitudinem
1488 857 1536 897 ar·

414 923 521 987 horem
550 923 599 987 fici
629 923 757 1005 qnidam
786 921 897 985 habuit
930 919 1121 985 nouellatarn
1156 919 1188 983 in
1222 918 1349 984 uineam
1383 941 1471 983 suam
1505 926 1538 982 et
1586 972 1588 975 .

415 1007 504 1073 uenit
527 1031 679 1092 quaerens
701 1007 838 1072 fructum
861 1005 972 1087 innilla
1004 1017 1019 1069 7
1042 1010 1075 1070 61
1097 1028 1168 1071 curn
1190 1028 1252 1069 non
1268 1004 1442 1069 inuenisset
1457 1002 1538 1068 dixit

414 1093 454 1158 ad
477 1093 628 1158 cultorem
651 1092 764 1157 uineae
788 1115 858 1157 ecce
880 1091 1053 1156 triennium
1076 1098 1123 1156 est
1142 1114 1182 1154 ex
1198 1113 1259 1175 quo
1275 1090 1369 1154 uenio
1385 1111 1537 1172 quaerens

415 1177 553 1243 fructum
581 1178 615 1242 in
644 1177 704 1244 ista
732 1178 840 1242 arbore
868 1177 920 1241 fici
949 1185 982 1240 61
1008 1200 1070 1240 non
1099 1176 1228 1239 inuenio
1258 1175 1367 1239 excide
1392 1176 1479 1239 illam
1502 1181 1538 1239 ut

416 1263 493 1348 quid
515 1262 600 1329 enim
623 1269 655 1328 et
677 1271 792 1327 terram
814 1261 949 1327 intricat.
984 1261 1079 1326 81116
1095 1267 1200 1326 autem
1223 1260 1384 1345 respondit
1403 1267 1435 1325 et
1457 1259 1540 1325 dixit

416 1348 464 1413 1111
494 1349 555 1412 dne
585 1347 653 1414 sine
682 1348 770 1412 illam
798 1353 830 1412 61
858 1349 917 1412 hoc
951 1351 1032 1410 ann'o
1067 1347 1269 1431 quoadusque
1301 1345 1537 1411 circumfodiam

416 1457 486 1499 earn
509 1439 541 1499 et
562 1433 687 1498 mittam
709 1440 827 1499 stercus
868 1445 884 1498 9
907 1432 988 1496 etsi
1011 1432 1121 1496 1606111
1141 1431 1277 1496 fructum
1300 1431 1327 1496 si
1350 1455 1412 1517 quo
1435 1431 1541 1496 minus

415 1519 450 1584 in
473 1519 579 1584 futuro
602 1519 773 1595 excidetur,
812 1530 846 1583 10
868 1518 947 1582 Erat
968 1525 1074 1582 autem
1097 1517 1211 1582 docens
1232 1517 1267 1579 in
1290 1530 1338 1560 ⁰¹¹⁸
1352 1529 1382 1560 ⁰¹
1406 1539 1537 1601 synago·

415 1604 463 1690 gis
485 1603 621 1670 sabbatis
665 1616 697 1668 11
720 1611 752 1669 et
774 1626 847 1668 ecce
869 1602 983 1667 mulier
1009 1611 1076 1667 erat
1104 1613 1172 1688 spr'r‘r
1201 1603 1320 1666 habens
1348 1600 1539 1666 infirmitatis

415 1690 507 1756 annis
537 1690 664 1756 XVIII
699 1697 731 1754 et
760 1696 826 1753 erat
859 1689 1023 1753 incurbata
1056 1711 1137 1772 quae
1170 1711 1233 1752 non
1265 1695 1388 1772 poterat
1420 1687 1564 1772 erigere

415 1798 450 1858 se
472 1775 506 1840 iu
528 1780 638 1840 totum.
684 1786 717 1838 12
747 1773 829 1838 Cum
851 1773 985 1839 uidisset
1012 1779 1116 1839 autem
1140 1773 1228 1837 illam
1250 1772 1301 1836 ihs
1324 1772 1405 1837 dixit
1427 1773 1541 1837 mulier

415 1861 549 1926 liberata
582 1884 615 1926 es
648 1861 687 1924 ab
715 1860 898 1924 infirmitate
931 1867 985 1924 tua
1029 1870 1062 1923 13
1091 1867 1123 1923 61
1151 1882 1222 1923 cum
1255 1858 1460 1942 inpossuisset
1492 1857 1542 1922 1111

416 1969 528 2011 manus
558 1944 705 2011 continuo
735 1951 839 2010 erecta
865 1952 913 2009 est
935 1949 967 2008 et
989 1945 1178 2009 clarificabat
1199 1944 1285 2007 dnm.
1330 1953 1364 2006 14
1396 1944 1539 2028 Respon-

311 2084 313 2088 .
416 2032 494 2097 dens
527 2039 633 2096 autem
667 2030 932 2114 archisynagogus
965 2029 1131 2113 indignans
1164 2029 1288 2094 dicebat
1316 2029 1356 2092 ad
1388 2029 1539 2114 populum

418 2117 494 2202 quia
525 2117 652 2182 sabbato
686 2125 809 2181 curaret
840 2115 891 2179 ihs
925 2138 981 2180 sex
1007 2115 1073 2179 dies
1103 2120 1177 2180 sunt
1209 2114 1243 2177 in
1274 2115 1385 2198 quibus
1418 2122 1543 2200 oportet

418 2201 541 2288 operari
565 2254 570 2266 .
595 2201 627 2265 in
655 2201 704 2266 his
735 2224 807 2284 ergo
836 2200 945 2266 uenite
968 2207 1000 2264 et
1022 2200 1175 2264 curamini
1197 2207 1229 2264 61
1251 2223 1313 2263 non
1337 2199 1388 2263 die
1410 2201 1540 2264 sabbati.

418 2299 451 2352 15
469 2285 647 2372 Respondit
665 2292 771 2351 autem
789 2286 828 2350 ad
844 2286 958 2350 inuam
980 2286 1039 2349 dns
1062 2291 1094 2350 et
1112 2285 1198 2349 ‘dixit
1219 2284 1380 2370 hypocrite
1402 2308 1544 2351 ununus·

417 2373 553 2458 quisque
575 2380 716 2436 uestrum
736 2372 863 2436 sabbato
883 2395 946 2435 non
968 2371 1070 2436 soluet
1091 2372 1203 2435 nobem
1226 2394 1318 2434 suurn
1341 2377 1396 2436 aut
1416 2374 1541 2436 asinum

419 2483 437 2523 a
466 2457 628 2544 praesepio
660 2465 692 2523 et
721 2456 809 2521 ducit
839 2464 871 2521 et
900 2457 1045 2541 adaquat.
1091 2469 1124 2520 16
1153 2457 1247 2520 Hanc
1276 2464 1382 2520 antem
1406 2479 1478 2520 cum
1501 2457 1540 2521 111

418 2543 483 2608 filia
497 2544 655 2607 habrahae
670 2565 764 2627 quam
786 2542 971 2626 alligauerat
992 2547 1117 2606 satanas
1132 2541 1221 2605 annis
1236 2540 1364 2606 XVIII
1378 2565 1441 2606 non
1455 2565 1540 2626 opor·

419 2628 482 2694 tuit
504 2627 585 2692 solui
607 2651 626 2692 a
648 2629 774 2693 uinculo
794 2627 844 2692 die
867 2625 1012 2692 sabbatis.
1059 2639 1090 2691 17
1120 2635 1152 2692 et
1180 2626 1302 2690 confusi
1329 2639 1403 2690 sunt
1430 2628 1481 2710 qui
1508 2627 1536 2690 ei

419 2715 665 2778 aduersabanfur
690 2765 695 2777 .
720 2719 752 2778 61
774 2713 875 2777 omnis
897 2713 1032 2798 populus
1053 2713 1210 2796 gaudebat
1238 2711 1271 2775 in
1294 2713 1439 2776 omnibus
1461 2735 1538 2796 quae

419 2799 569 2864 uidebant
590 2798 749 2884 praeclara
770 2798 839 2862 fieri
861 2800 899 2861 ab
921 2797 984 2861 1110.
1020 2809 1052 2862 18
1066 2797 1203 2862 Dicebat
1221 2820 1293 2882 ergo
1311 2797 1361 2862 cui
1377 2798 1480 2862 simile
1496 2810 1542 2862 est
1607 2817 1609 2821 ’
1663 2832 1666 2835 -

420 2908 552 2968 regnum
583 2887 614 2946 di
648 2890 679 2949 et
713 2883 763 2948 cui
796 2882 979 2947 adsimilabo
1013 2883 1092 2946 illud
1136 2895 1169 2947 19
1201 2883 1304 2947 simile
1334 2891 1382 2949 est
1409 2907 1542 2968 granum

420 2970 538 3052 sinapis
566 2970 649 3053 quod
678 2991 750 3033 cum
777 2968 951 3053 accepisset
983 2969 1077 3032 homo
1107 2969 1194 3033 misit
1224 2969 1258 3032 in
1292 2969 1416 3032 hortum
1450 2992 1542 3033 suurn

421 3055 521 3120 creuit
543 3063 574 3118 61
596 3053 713 3118 factum
737 3053 838 3118 estin
860 3055 1002 3118 arborem
1026 3061 1058 3118 et
1080 3053 1222 3118 uolatilia
1244 3053 1322 3118 caeli
1343 3053 1488 3119 habitant
1511 3055 1543 3117 in

420 3139 516 3205 ramis
539 3139 615 3205 eius.
660 3149 695 3204 20
715 3140 760 3203 Et
781 3139 896 3204 iterum
919 3138 1001 3203 dixit
1022 3137 1086 3202 illis
1116 3140 1167 3204 cui
1195 3139 1379 3204 adsimilabo
1411 3163 1544 3222 regnum

421 3228 452 3291 di
495 3237 528 3289 21
551 3225 655 3290 simile
678 3233 725 3289 est
746 3223 901 3289 fermento
924 3224 1008 3308 quod
1031 3248 1101 3288 curn
1118 3225 1239 3309 accepit
1253 3225 1367 3288 mulier
1382 3225 1545 3289 abscondit

420 3310 455 3386 in
487 3310 608 3375 farinae
637 3333 798 3374 mensuras
827 3332 990 3395 quousque
1025 3309 1232 3374 fermentetur
1267 3316 1376 3391 lotum.
1431 3321 1466 3373 22
1500 3311 1545 3374 nt

331 3432 333 3437 ·
420 3396 658 3482 perambulabat
688 3419 744 3480 per
771 3395 915 3460 ciuitates
943 3404 976 3458 61
1002 3396 1130 3460 castella
1152 3395 1267 3460 docens
1289 3403 1321 3459 61
1342 3395 1404 3460 1161
1425 3395 1546 3460 faciens

421 3489 454 3546 in
481 3481 671 3546 hierusalem
715 3491 749 3544 23
779 3478 861 3544 dixit
890 3487 997 3545 autern
1027 3480 1156 3564 quidam
1182 3480 1229 3544 illi
1257 3481 1319 3545 dns
1347 3480 1440 3566 pauci
1470 3489 1544 3544 sunt

422 3568 584 3632 saluentur
607 3616 613 3627 .
637 3565 692 3629 ille
723 3571 828 3630 autem
856 3565 938 3629 dixit
966 3565 1029 3630 illis
1077 3576 1112 3629 24
1141 3566 1297 3630 elaborate
1325 3565 1455 3631 introire
1488 3589 1546 3650 per

422 3657 588 3737 angustum
616 3656 738 3715 osteum
768 3651 842 3735 quia
868 3650 937 3715 dico
964 3651 1054 3716 uobis
1083 3651 1176 3716 multi
1199 3659 1351 3735 quaerent
1372 3651 1490 3716 intrare
1514 3657 1547 3715 et

423 3761 485 3803 non
508 3742 656 3823 poterunt
699 3747 733 3800 25
759 3759 800 3800 ex
829 3758 891 3821 quo
920 3735 1052 3821 incipiet
1079 3742 1169 3822 pater
1196 3737 1333 3801 familias
1362 3760 1490 3821 surgere
1513 3743 1545 3800 61

422 3824 548 3889 cludere
580 3831 701 3886 osteum
738 3827 770 3886 61
804 3820 964 3905 incipietis
993 3821 1069 3886 foris
1095 3828 1179 3887 stare
1206 3833 1238 3886 et
1265 3823 1389 3907 pulsare
1422 3832 1542 3888 osteum

423 3908 562 3973 dicentes
584 3908 645 3970 dne
669 3907 755 3992 aperi
773 3907 863 3971 nobis
886 3913 917 3970 et
939 3908 1129 3992 respondens
1151 3908 1234 3974 dicet
1256 3909 1362 3972 n¹¹obis
1384 3931 1446 3972 non
1469 3907 1544 3972 noui

422 4017 479 4058 uos
508 3992 592 4056 unde
621 3992 700 4056 sitis.
745 4003 778 4056 26
807 3999 882 4056 tuuc
911 3991 1070 4077 incipietis
1098 3993 1202 4057 dicere
1228 3993 1488 4057 manducauimns
1511 3993 1544 4056 in

424 4083 590 4163 conspectu
614 4084 645 4141 et
666 4077 803 4142 bibimus
826 4076 911 4141 etin
935 4077 1047 4160 plateis
1062 4078 1177 4142 nostris
1192 4077 1326 4142 docuisti
1359 4089 1392 4142 21
1415 4087 1447 4143 61
1462 4078 1546 4142 (11661

423 4163 513 4228 uobis
543 4185 713 4247 numquam
746 4185 802 4227 uos
825 4162 892 4226 uidi
922 4163 1074 4227 discedite
1096 4186 1115 4227 a
1136 4187 1188 4227 me
1210 4187 1318 4228 omnes
1340 4163 1461 4248 operari
1483 4162 1543 4226 ini·

423 4246 552 4334 quitatis
581 4247 695 4312 saillis
717 4247 777 4312 6111
798 4248 890 4312 fletus
912 4249 1074 4312 oculorum
1089 4254 1121 4313 et
1140 4249 1254 4313 stridor
1276 4250 1427 4313 dentium.
1462 4246 1545 4312 Ourn

371 4359 372 4362 ¹
424 4332 567 4399 uideritis
588 4332 759 4396 habraham
783 4341 815 4396 et
836 4332 901 4397 isac
924 4342 955 4399 61
973 4333 1061 4398 iacob
1078 4342 1110 4397 et
1124 4356 1233 4398 omnes
1248 4337 1385 4419 profetas
1400 4334 1432 4398 in
1449 4355 1547 4416 regno

424 4420 455 4484 di
478 4442 534 4483 uos
556 4425 662 4482 autem
685 4417 889 4482 excludimini
912 4417 994 4483 foras
1037 4430 1071 4483 29
1099 4427 1131 4484 61
1159 4419 1290 4485 uenient
1312 4421 1350 4484 ab
1373 4419 1493 4483 oriente
1515 4423 1547 4483 et

423 4505 584 4571 occidente
608 4511 639 4567 et
661 4503 808 4586 aquilone
831 4511 862 4567 et
886 4511 990 4567 austro
1014 4509 1046 4568 et
1067 4506 1251 4569 recumbent
1272 4504 1307 4568 in
1321 4527 1376 4589 reg
1391 4505 1432 4567 di.
1465 4515 1501 4568 30
1515 4509 1548 4568 61
