3667 5284
420 481 463 544 20
924 479 974 534 Er.
994 495 1045 533 sec.
1427 481 1457 536 C.
1475 485 1500 535 2,
1518 484 1542 536 3.

419 677 451 732 et
473 667 530 733 tibi
559 665 674 730 mulier
701 667 845 731 nondum*
867 665 957 731 uenit
982 668 1059 730 hora
1082 690 1159 731 mea.
1204 668 1288 732 5Et
1315 668 1476 734 aduocatis
1503 670 1542 734 ad

417 777 451 818 se
474 753 625 818 ministris
647 764 747 817 mater
769 753 835 816 ihm
859 751 941 816 dixit
963 751 1025 816 illis
1048 752 1124 837 quid
1139 752 1229 817 uobis
1245 753 1362 818 dixerit
1377 753 1429 817 ihs
1447 755 1540 820 facite

417 851 435 904 6
456 837 585 903 fuerunt
613 845 719 902 antem
748 837 815 902 illic
841 837 972 922 hydriae
994 837 1137 922 lapideae
1159 861 1215 902 sex
1238 839 1411 904 secundum
1433 839 1537 925 purifi·

417 925 573 990 cationem
600 922 784 988 iudaeorum
817 922 977 1020 capientes
1007 923 1151 1006 singulae
1184 932 1332 989 metretas
1365 926 1456 988 ninas
1490 926 1542 990 uel

418 1019 532 1074 ternas.
578 1020 594 1072 7
616 1009 661 1073 Et
688 1009 739 1072 ihs
767 1009 881 1074 uocitrs
913 1008 953 1072 ad
979 1031 1012 1073 se
1040 1009 1193 1074 ministris
1222 1009 1304 1074 dixit
1325 1009 1389 1073 illis
1411 1009 1543 1092 implete

418 1095 546 1178 hydrias
558 1117 670 1178 aquam
687 1101 719 1158 et
732 1095 947 1179 impleuerant
961 1117 1014 1158 eas
1032 1094 1186 1179 usquead
1204 1116 1372 1159 summum.
1406 1106 1423 1160 8
1439 1097 1482 1160 Et
1497 1097 1542 1160 ait

418 1181 482 1245 illis
504 1179 629 1244 haurite
645 1187 676 1244 et
691 1179 763 1244 date
777 1179 997 1244 archetriclino
1013 1186 1045 1244 et
1059 1179 1202 1245 feceruut
1216 1179 1298 1244 sicut
1316 1180 1398 1244 dixit
1419 1180 1464 1244 eis
1480 1179 1531 1244 ihs

415 1278 434 1330 9
472 1264 637 1350 Quomodo
670 1272 775 1328 autem
816 1263 959 1348 gnstauit
997 1264 1236 1330 archetriclinus
1280 1289 1394 1350 aquarn
1430 1265 1541 1330 uinum
1641 1292 1643 1294 ’

418 1351 536 1416 factum
570 1373 633 1414 non
663 1350 863 1432 intellegebat
890 1350 976 1414 unde
1005 1354 1087 1415 esset
1113 1349 1249 1416 ministri
1272 1362 1378 1415 autem
1401 1351 1542 1417 sciebant

419 1437 474 1519 qui
497 1435 656 1500 aurierant
677 1457 790 1520 aquam
814 1457 894 1520 quac
916 1438 1026 1499 uiuum
1049 1435 1167 1500 factum
1183 1447 1239 1500 est.
1284 1435 1421 1501 Uocauit
1435 1443 1541 1501 autem

416 1545 567 1608 sponsum
595 1521 833 1586 archetriclinus
882 1531 921 1589 10*
945 1529 976 1584 et
998 1519 1043 1584 ait
1068 1521 1116 1583 illi
1147 1571 1153 1584 .
1181 1521 1402 1586 omnishomo
1430 1521 1540 1586 ninum
1577 1534 1579 1537 ’

418 1609 533 1671 bonum
549 1607 651 1690 primo
673 1605 763 1690 ponit
785 1610 816 1670 et
838 1627 910 1670 cnm
932 1604 1079 1670 inebriati
1094 1605 1214 1671 fuerint
1229 1607 1261 1670 id
1277 1607 1360 1690 quod
1376 1607 1515 1672 deterius
1532 1660 1537 1671 .

420 1701 572 1757 tuentem
590 1691 722 1756 seruasti
737 1691 851 1756 melius
868 1689 981 1756 uinum
999 1691 1148 1775 usquein
1166 1691 1247 1755 hanc
1266 1693 1384 1756 horam.
1419 1704 1451 1755 11
1473 1694 1542 1758 Hoc

418 1778 545 1842 initium
574 1777 734 1862 signorum
763 1775 840 1840 fecit
863 1777 913 1838 ihs
935 1775 970 1840 in
997 1799 1075 1841 caua
1103 1775 1233 1860 galileae
1261 1784 1293 1841 et
1322 1776 1542 1842 manifestauit

416 1863 549 1948 gloriam
565 1885 654 1927 suam
669 1869 701 1925 et
716 1861 915 1926 crediderunt
931 1861 964 1924 in
981 1885 1051 1925 eum
1069 1862 1214 1947 discipuli
1238 1862 1315 1926 eius.
1357 1873 1390 1925 12
1413 1863 1458 1926 Et
1471 1873 1542 1948 post

419 1951 479 2013 hoc
500 1948 625 2032 signum
649 1945 803 2012 discendit
825 1947 1037 2032 capharnaum
1053 1948 1120 2032 ipse
1135 1962 1168 2011 et
1183 1956 1283 2012 mater
1298 1952 1365 2011 eius
1380 1956 1412 2012 et
1427 1949 1539 2013 fratres

417 2045 452 2099 et
473 2034 539 2098 illic
561 2037 744 2098 manserunt
765 2055 827 2096 non
851 2031 959 2096 multis
981 2032 1099 2097 diebus.
1145 2044 1178 2096 13
1200 2033 1244 2096 Et
1272 2033 1449 2117 proximum
1481 2033 1543 2098 fuit
1643 2106 1644 2109 Ἴ

419 2120 535 2204 pascha
558 2119 740 2182 iudaeorum
764 2126 795 2180 et
817 2117 869 2180 ihs
886 2117 1026 2182 ascendit
1047 2117 1235 2202 hiersolyma
1267 2128 1301 2181 14
1320 2127 1352 2182 et
1367 2118 1492 2183 inuenit
1507 2119 1541 2183 in

417 2206 537 2289 templo
553 2227 605 2268 eos
620 2203 675 2288 qui
689 2203 869 2267 uendebant
883 2209 915 2267 et
930 2205 1077 2266 emebant
1088 2203 1184 2267 nobes
1196 2210 1228 2267 et
1239 2226 1314 2267 oues
1332 2212 1365 2267 et
1383 2204 1542 2269 columbas

417 2302 452 2354 et
473 2289 700 2353 nummularios
722 2288 865 2353 sedentes
887 2287 926 2351 nd
950 2311 1081 2352 mensas.
1115 2299 1148 2352 15
1162 2296 1195 2352 et
1210 2288 1288 2353 fecit
1302 2287 1467 2372 fragellum
1489 2289 1541 2354 ihs

416 2377 457 2439 de
479 2373 635 2438 resticulis
658 2387 690 2438 et
712 2372 845 2438 eiciebat
871 2388 983 2437 ‘omnes
1013 2374 1051 2438 de
1074 2374 1191 2458 templo
1214 2374 1269 2458 qui
1290 2375 1388 2438 uobes
1411 2385 1443 2437 et
1464 2397 1540 2440 oues

420 2461 594 2524 uindebant
613 2465 643 2524 et
658 2457 942 2522 nummulariorum
965 2459 1119 2523 subuertit
1142 2482 1265 2524 mensas
1309 2471 1342 2523 16
1365 2470 1396 2524 et
1418 2459 1464 2524 eis
1486 2461 1541 2545 qui

418 2547 579 2610 columbas
611 2544 784 2608 uindebant
812 2544 857 2608 ait
887 2543 1009 2608 auferte
1042 2544 1118 2608 istas
1146 2545 1221 2608 hinc
1248 2561 1280 2609 et
1309 2544 1407 2608 nolite
1438 2545 1541 2610 facere

419 2632 547 2696 domum
569 2629 666 2716 patris
689 2630 752 2694 mei
779 2629 905 2694 domurn
934 2637 1213 2694 commercatorum
1258 2642 1290 2693 17
1312 2631 1357 2694 m
1389 2631 1538 2694 continuo

415 2715 657 2782 commonefacti
679 2723 752 2778 sunt
774 2714 921 2799 discipuli
944 2716 1012 2779 eius
1034 2714 1183 2801 quoniam
1206 2715 1357 2800 scriptum
1381 2723 1428 2780 est
1449 2715 1538 2798 gelus

419 2803 529 2866 domus
552 2813 624 2865 tuae
647 2799 782 2865 comedit
804 2823 862 2864 me.
909 2812 943 2864 18
963 2801 1008 2864 Et
1029 2799 1135 2864 iudaei
1156 2802 1385 2886 responderunt
1400 2800 1539 2864 dicentes

416 2888 449 2952 ei
472 2887 554 2972 quod
577 2886 701 2968 signum
723 2885 868 2950 ostendes
891 2885 981 2950 nobis
1004 2885 1153 2970 quoniam
1168 2886 1229 2950 ista
1244 2885 1330 2950 facis.
1375 2898 1408 2951 19
1430 2887 1475 2949 Et
1489 2886 1540 2949 ihs

420 2973 464 3036 ait
486 2971 549 3036 illis
572 2970 685 3036 soluite
707 2971 862 3057 templum
884 2971 962 3035 istut
984 2970 1071 3035 etin
1094 2970 1216 3054 triblus)
1233 2971 1343 3036 diebus
1357 2973 1539 3036 restaurabo

419 3058 508 3122 illud.
542 3069 577 3122 20
598 3057 641 3121 Et
662 3056 768 3120 iudaei
790 3057 940 3121 dixerunt
961 3055 1027 3119 XL
1050 3065 1082 3121 et
1097 3056 1148 3122 VI
1167 3056 1259 3121 annis
1281 3056 1479 3122 aedificatum
1494 3063 1542 3122 est

420 3143 573 3228 templum
595 3142 674 3207 istut
695 3147 726 3207 et
748 3147 783 3206 tu
805 3141 839 3204 in
862 3142 966 3206 triduo
989 3152 1145 3208 restauras
1168 3141 1255 3206 illud.
1299 3153 1333 3205 21
1356 3143 1417 3206 Ille
1433 3148 1540 3208 autem

416 3228 543 3294 dicebat
565 3229 603 3292 de
625 3227 743 3313 templo
766 3227 804 3290 de
828 3249 956 3312 corpore
978 3249 1035 3291 suo
1079 3239 1113 3290 22
1135 3250 1207 3292 cum
1231 3250 1304 3310 ergo
1327 3228 1500 3292 resurrexit
1522 3251 1541 3292 a

420 3313 551 3379 mortuis
574 3312 812 3377 commonefacti
835 3318 909 3376 sunt
932 3312 1078 3396 discipuli
1094 3312 1163 3376 eius
1179 3314 1327 3397 quoniam
1342 3313 1403 3377 hoc
1417 3313 1542 3378 dicebat

418 3407 452 3464 et
474 3398 673 3464 crediderunt
695 3399 866 3482 scripturae
889 3404 922 3462 et
943 3397 1080 3462 sermoni
1102 3421 1196 3481 quem
1209 3397 1301 3462 dixit
1315 3399 1366 3462 ihs
1407 3411 1441 3462 23
1456 3399 1540 3464 Oum

416 3507 493 3570 ergo
515 3490 596 3548 esset
619 3483 649 3546 in
674 3483 891 3566 hierosolymis
913 3484 946 3546 in
969 3483 1021 3546 die
1043 3483 1123 3547 festo
1145 3485 1278 3568 paschae
1293 3485 1385 3547 multi
1406 3483 1542 3548 credide

419 3577 494 3634 runt
515 3569 549 3632 in
571 3567 698 3632 nomine
721 3568 789 3632 eius
812 3591 883 3632 cum
905 3568 1052 3633 uiderent
1074 3568 1163 3652 signa
1181 3591 1260 3653 quae
1277 3567 1410 3633 faciebat
1431 3570 1464 3632 in
1488 3591 1541 3634 eos

415 3655 475 3740 ¹qui
497 3653 613 3719 infirmi
637 3659 734 3718 erant.
779 3663 813 3717 24
835 3653 902 3738 ipse
925 3660 1031 3718 autem
1054 3676 1117 3718 non
1140 3654 1285 3718 credebat
1314 3677 1348 3717 se
1375 3653 1438 3718 illis
1466 3654 1541 3739 quia

420 3743 487 3826 ipse
520 3739 637 3804 sciebat
669 3761 786 3804 omues.
831 3749 865 3802 25
898 3747 931 3803 et
964 3738 1112 3822 quoniam
1149 3762 1211 3803 non
1245 3761 1373 3803 necesse
1406 3740 1541 3803 habebat

415 3825 491 3910 quis
513 3830 607 3890 testes
629 3830 711 3888 esset
733 3825 772 3888 de
794 3823 922 3888 homine
946 3873 953 3887 .
976 3824 1043 3908 ipse
1063 3824 1148 3888 enim
1166 3824 1284 3888 sciebat
1305 3824 1381 3909 quid
1403 3831 1486 3890 esset
1507 3824 1540 3887 in

422 3909 591 3975 hominem,

504 3995 569 4058 ΙΙΙ.
600 3994 823 4058 lEratautem
838 3992 1072 4078 homoquidam
1088 3994 1127 4057 de
1143 3993 1285 4058 farisaeis
1297 3995 1352 4080 qui
1368 3995 1540 4059 uocabatur
1652 4067 1654 4070 y

415 4080 601 4144 nicodemus
629 4079 774 4164 princeps
802 4079 995 4144 iudaeorum.
1040 4091 1058 4142 2
1091 4080 1144 4145 hic
1176 4079 1265 4144 uenit
1292 4080 1330 4143 ad
1359 4079 1425 4143 ihr'r‘t
1448 4085 1541 4143 nocte

367 4213 368 4217 ,
421 4165 481 4230 erit
513 4164 562 4228 illi
594 4163 682 4228 rabbi
714 4165 829 4229 scimus
862 4165 937 4250 quia
959 4189 978 4229 a
1000 4165 1041 4230 do
1073 4164 1190 4230 uenisti
1215 4165 1364 4250 magister
1390 4183 1422 4228 et
1448 4187 1540 4228 nemo

419 4257 522 4335 potest
544 4248 620 4313 talia
642 4248 731 4331 signa
753 4249 855 4314 facere
878 4269 960 4332 quae
982 4259 1019 4315 tu
1041 4250 1118 4315 facis
1141 4249 1203 4315 nisi
1219 4250 1316 4315 fuerit
1331 4251 1368 4314 ds
1385 4271 1457 4314 cum
1474 4249 1539 4314 illo.

418 4347 437 4400 3
460 4333 636 4420 Respondit
657 4335 708 4398 ihs
736 4345 767 4400 et
793 4335 875 4400 dixit
903 4335 951 4400 illi
973 4359 1065 4400 amen
1095 4359 1188 4400 amen
1215 4335 1284 4400 dice
1306 4336 1365 4400 tibi
1386 4335 1448 4399 nisi
1470 4335 1541 4420 quis

420 4429 548 4485 renatus
571 4419 667 4484 fuerit
688 4420 876 4484 denuo'non
899 4421 1014 4506 poterit
1043 4420 1151 4485 uidere
1177 4444 1309 4504 regnum
1338 4421 1379 4484 di.
1423 4431 1441 4483 4
1463 4420 1541 4488 dicit

414 4508 458 4572 ad
481 4505 571 4571 illum
593 4505 776 4571 nicodemus
798 4506 953 4589 quomodo
974 4511 1077 4591 potest
1099 4508 1192 4571 homo
1214 4507 1317 4571 denuo
1332 4505 1454 4572 renasci
1469 4529 1541 4573 cum
