3667 5284
402 461 445 525 38
781 435 783 439 .
904 459 956 513 Er.
975 475 1027 514 sec.
1344 419 1348 432 ¹
1383 461 1411 516 G.
1431 460 1471 512 12.
1490 460 1531 530 13.

404 671 474 712 mea
506 649 690 711 conturbata
723 653 771 712 est
800 652 831 712 et
861 646 937 731 quid
964 647 1066 712 dicam
1096 654 1186 732 pater
1214 645 1314 710 libera
1335 671 1386 711 me
1408 647 1448 712 de
1469 647 1532 714 ista

403 735 479 798 hora
506 733 560 797 sed
589 733 660 797 ideo
693 732 769 798 ueni
811 733 844 796 in
878 735 959 797 hanc
992 734 1102 796 horam
1156 742 1190 796 28
1221 738 1310 816 pater
1339 732 1532 813 glorificetur

402 842 518 882 nomen
549 827 640 882 tuum
667 817 756 882 uenit
777 841 851 902 ergo
880 842 943 882 uox
972 818 1011 882 de
1035 819 1119 882 caelo
1142 818 1249 882 dicens
1271 825 1304 882 et
1325 817 1530 884 honorificabi

402 903 572 968 etiterum
598 903 809 971 honorificabo
852 914 886 968 29
915 904 1009 968 turba
1037 904 1144 988 itaque
1171 903 1276 967 stabat
1305 910 1337 968 et
1365 903 1532 970 audientes

403 990 549 1054 dicebant
579 989 719 1053 tonitrua
748 989 831 1055 facta
860 998 934 1054 sunt
958 1038 963 1050 .
988 988 1044 1052 alii
1070 1011 1146 1052 uero
1175 988 1316 1052 diceban
1337 990 1468 1073 angelus
1492 991 1533 1070 ad

402 1074 493 1139 illum
515 1075 638 1138 locutus
661 1084 716 1140 est.
762 1087 797 1140 30
819 1073 996 1157 Respondit
1018 1073 1069 1137 ihs
1092 1080 1124 1138 et
1146 1073 1228 1138 dixit
1250 1095 1312 1136 non
1335 1082 1463 1161 propter
1478 1100 1530 1140 me

402 1184 465 1224 uox
488 1161 565 1224 haec
587 1159 677 1230 ueni-t
701 1161 755 1225 sed
777 1167 905 1245 propter
926 1182 993 1224 uos.
1036 1170 1070 1223 31
1093 1181 1177 1223 nunc
1200 1158 1353 1223 iudicium
1370 1169 1418 1227 est
1432 1161 1531 1226 huius
1608 1230 1611 1234 ,

402 1245 510 1308 mundi
535 1269 619 1310 nunc
641 1246 788 1331 princeps
810 1245 905 1309 huius
928 1245 1039 1309 mundi
1069 1245 1213 1309 mittetur
1242 1244 1397 1308 deorsum.
1442 1257 1476 1310 32
1498 1256 1531 1312 et

401 1355 473 1396 curn
497 1330 654 1396 exaltatus
677 1331 807 1396 fueroa
836 1341 919 1396 terra
947 1330 1055 1394 omnia
1084 1330 1207 1393 traham
1237 1329 1277 1392 ad
1304 1353 1364 1394 me.
1409 1342 1443 1395 33
1470 1333 1529 1396 hoc

402 1427 508 1480 autern
538 1416 659 1481 dicebat
688 1417 868 1500 significans
898 1439 961 1501 qua
989 1420 1089 1479 morto
1116 1414 1272 1499 inciperet
1294 1415 1383 1479 mori.
1428 1427 1463 1480 34
1485 1441 1529 1481 re·

401 1501 527 1586 spondit
557 1501 606 1565 illi
634 1503 726 1566 turba
756 1525 818 1566 non
848 1501 1032 1566 audiuimus
1054 1500 1205 1585 scriptum
1228 1499 1261 1562 in
1285 1501 1354 1584 lege
1378 1503 1529 1588 quiaxps

400 1595 508 1651 manet
537 1588 569 1650 in
599 1599 762 1652 aeternnm
788 1639 793 1650 .
818 1596 850 1651 et
880 1587 1036 1670 quomodo
1065 1595 1101 1649 tu
1124 1585 1203 1650 dicis
1226 1586 1310 1669 quod
1332 1597 1455 1671 oportet
1478 1612 1528 1652 ex-

401 1672 494 1736 altari
516 1673 614 1736 filium
639 1673 778 1738 hominis
801 1671 872 1756 quis
894 1681 943 1740 est
964 1673 1025 1736 iste
1039 1671 1123 1735 filius
1142 1669 1289 1734 hominis.
1334 1683 1369 1735 35
1392 1673 1452 1737 Ait
1465 1673 1529 1739 illis

401 1757 452 1821 ihs
487 1759 588 1822 adhuc
622 1758 781 1823 modicum
815 1773 940 1842 tempus
974 1757 1029 1821 lux
1064 1756 1096 1820 in
1128 1757 1219 1820 uobis
1250 1770 1297 1820 est
1328 1804 1336 1819 .
1370 1759 1535 1824 ambulate

400 1843 508 1926 itaque
531 1844 606 1907 dum
630 1845 737 1908 lumen
760 1843 883 1908 habetis
906 1866 946 1907 na
969 1843 1116 1908 tenebrae
1139 1865 1195 1906 uos
1223 1842 1498 1926 conpraehendant
1521 1895 1527 1908 .

402 1930 428 1992 si
452 1928 522 2013 quis
546 1929 685 1994 ambulet
707 1929 740 1994 in
769 1927 908 1993 tenebris
936 1927 1036 1993 nescit
1065 1933 1127 2011 quo
1156 1937 1215 1991 eat.
1259 1938 1294 1990 36
1325 1951 1396 1992 cum
1425 1930 1529 1994 lucem

400 2014 524 2078 habetis
548 2014 665 2079 credite
688 2015 721 2079 in
744 2015 847 2078 lucem
869 2021 906 2077 ut
928 2013 974 2077 fili
996 2013 1075 2077 lucis
1097 2011 1176 2077 sitis
1222 2012 1458 2079 Haeclocutus
1481 2025 1530 2082 est

399 2099 451 2164 ihs
485 2106 516 2164 et
549 2099 628 2164 abiit
661 2105 693 2164 at
729 2099 891 2163 abscondit
920 2121 953 2163 se
996 2110 1030 2163 37
1064 2121 1135 2163 cum
1173 2107 1261 2162 tanta
1296 2107 1401 2163 autern
1440 2099 1530 2186 signa

400 2184 526 2250 fecisset
556 2208 659 2249 coram
689 2184 752 2250 illis
781 2208 842 2248 non
874 2183 1074 2249 crediderunt
1104 2183 1139 2246 in
1167 2207 1250 2247 eum.
1301 2195 1336 2248 38
1363 2198 1400 2249 ut
1427 2209 1529 2252 sermo

399 2269 503 2334 eseiae
526 2270 665 2354 profetae
688 2270 873 2354 impleretur
895 2292 990 2353 quem
1012 2269 1093 2333 dixit
1109 2268 1170 2332 dne
1194 2268 1265 2352 quis
1288 2269 1422 2334 credidit
1444 2272 1529 2336 audi-

400 2355 447 2419 tui
470 2366 577 2419 nostro
600 2367 632 2420 et
661 2355 826 2420 brachium
848 2356 904 2419 dni
933 2355 984 2419 cui
1011 2355 1188 2419 reuelatum
1218 2364 1265 2418 est
1307 2366 1342 2419 39
1364 2365 1528 2442 propterea

401 2464 463 2504 nou
486 2450 660 2525 potuerunt
681 2441 818 2509 eredere.
865 2439 951 2524 Quia
973 2439 1056 2505 dixit
1079 2439 1193 2504 iterum
1218 2438 1318 2504 eseias
1360 2451 1396 2506 40
1421 2442 1526 2518 obsae-

400 2527 486 2592 cauit
515 2528 621 2591 caulos
652 2549 761 2590 eorum
791 2533 823 2590 et
849 2525 1012 2590 indurauit
1038 2548 1090 2589 cor
1119 2548 1227 2589 eorum
1255 2536 1374 2590 utnon
1398 2527 1527 2591 uideant

399 2611 499 2676 oculis
523 2622 554 2676 et
578 2635 639 2676 non
663 2612 850 2694 intellegant
872 2611 963 2676 corde
986 2618 1018 2675 et
1033 2615 1257 2676 conuertantur
1279 2619 1311 2674 et
1332 2634 1440 2675 sanam
1455 2612 1525 2676 illos

396 2707 431 2760 41
459 2697 550 2762 Haec
580 2696 662 2761 dixit
689 2697 789 2762 eseias
818 2697 893 2781 quia
923 2696 1006 2760 uidit
1035 2695 1232 2760 maiestatem
1261 2695 1329 2759 eius
1352 2704 1383 2760 et
1404 2696 1525 2761 locutus

399 2788 446 2846 est
469 2783 507 2847 de
530 2783 593 2846 illo.
637 2792 673 2846 42
695 2794 894 2847 ueruntatem
919 2806 959 2845 ex
985 2780 1179 2867 principibus
1205 2780 1298 2845 multi
1326 2781 1526 2847 crediderunt

398 2868 430 2930 in
455 2890 525 2931 eum
551 2918 557 2929 .
582 2869 636 2933 sed
658 2878 785 2953 propter
807 2867 956 2932 farisaeos
979 2890 1041 2931 non
1064 2866 1292 2931 confitebantur
1314 2889 1354 2929 ne
1376 2867 1414 2932 de
1437 2891 1526 2952 syna·

397 2975 477 3036 goga
499 2953 684 3018 eicerentur.
729 2963 763 3017 43
786 2959 974 3017 amnuerunt
993 2954 1079 3015 enim
1094 2951 1228 3034 gloriam
1243 2951 1408 3015 hominum
1424 2952 1525 3036 magis

398 3061 493 3121 quarn
515 3038 646 3122 gloriam
670 3039 710 3102 di.
755 3048 790 3101 44
811 3040 869 3102 Ihs
892 3046 999 3102 autem
1026 3038 1180 3101 clamabat
1207 3036 1314 3102 dicens
1342 3037 1398 3120 qui
1428 3039 1527 3103 crodit

397 3123 431 3186 in
460 3147 511 3187 me
541 3148 603 3188 non
634 3124 733 3189 credit
764 3125 796 3188 in
827 3142 877 3188 'me
904 3124 959 3188 sed
988 3123 1021 3185 in
1050 3145 1124 3186 eum
1146 3122 1202 3206 qui
1224 3146 1275 3184 me
1299 3123 1393 3187 misit.
1439 3133 1473 3188 45
1496 3131 1527 3189 θῖ

397 3209 452 3294 qni
476 3209 564 3273 uidet
586 3233 637 3273 me
659 3209 748 3273 uidet
770 3215 802 3273 et
824 3233 896 3272 eum
921 3208 976 3290 qui
1000 3231 1049 3272 me
1072 3207 1166 3272 misit.
1211 3217 1245 3272 46
1267 3209 1336 3290 Ego
1360 3208 1467 3272 lumen
1492 3209 1527 3273 in

396 3295 482 3360 huuc
504 3296 657 3360 mundum
681 3294 756 3358 ueni
779 3301 815 3358 ut
836 3293 939 3358 omnis
954 3295 1008 3378 qui
1025 3293 1191 3358 crediderit
1207 3293 1240 3356 in
1257 3317 1307 3358 me
1322 3316 1384 3357 non
1401 3302 1527 3360 maneat

397 3381 429 3443 in
453 3380 600 3444 tenebris.
651 3389 684 3444 47
712 3389 744 3444 θῖ
772 3380 798 3444 si
829 3380 900 3463 quis
930 3403 992 3443 non
1022 3379 1158 3442 audierit
1186 3380 1355 3442 uerborum
1383 3403 1526 3444 meorum

397 3488 455 3550 ego
487 3489 550 3530 non
581 3465 686 3530 iudico
714 3465 805 3528 illum
833 3489 894 3529 non
922 3464 1007 3529 'enim
1037 3464 1113 3528 ueni
1139 3469 1175 3528 ut
1204 3464 1340 3528 iudicem
1364 3465 1526 3530 saeculum

395 3552 450 3616 sed
474 3558 510 3616 ut
531 3551 651 3615 saluam
675 3551 844 3614 saeculum.
890 3560 925 3616 48
948 3549 1012 3633 Qui
1035 3551 1180 3635 reprobat
1202 3573 1253 3612 me
1276 3558 1308 3613 et
1330 3572 1392 3613 non
1409 3550 1525 3636 accipit

397 3637 493 3700 uerba
521 3659 591 3699 mea
619 3636 714 3700 habet
745 3637 799 3721 qui
828 3659 901 3700 eum
931 3636 1051 3699 iudicet
1079 3683 1086 3697 .
1117 3636 1249 3699 uerbum
1286 3635 1369 3719 quod
1402 3636 1525 3700 locutus

396 3745 465 3786 sum
488 3721 573 3805 ipsut
595 3721 747 3785 indicabit
770 3722 860 3785 illum
884 3721 1056 3786 nouissima
1079 3719 1130 3784 die
1179 3731 1214 3784 49
1250 3724 1325 3804 quia
1352 3743 1411 3804 ego
1434 3745 1453 3784 a
1475 3745 1525 3786 me

396 3829 459 3870 non
482 3829 551 3870 sum
574 3807 697 3870 locutus
721 3857 726 3869 .
752 3807 805 3871 sed
829 3806 885 3892 qui
907 3829 959 3869 me
982 3805 1068 3871 misit
1090 3811 1178 3890 pater
1200 3807 1268 3891 ipse
1291 3805 1370 3870 mihi
1398 3807 1525 3870 manda·

396 3901 465 3956 tum
488 3891 573 3956 dedit
597 3891 674 3975 quid
696 3891 809 3958 faciam
832 3891 963 3976 etquid
986 3893 1096 3975 loquar
1138 3903 1173 3956 50
1195 3905 1227 3956 et
1253 3891 1317 3955 scio
1344 3891 1419 3973 quia
1441 3914 1526 3954 man·

395 3978 503 4041 datum
529 3979 595 4040 eius
617 3977 686 4040 uita
708 3984 836 4041 aeterna
858 3988 905 4042 est
927 3977 1004 4062 quia
1026 3977 1199 4042 secundum
1223 3977 1306 4061 quod
1337 3975 1419 4042 dixit
1445 3975 1524 4039 mihi

395 4071 484 4148 pater
506 4064 551 4126 ita
574 4068 605 4127 et
626 4062 744 4146 loquor.
1427 4118 1430 4124 .

481 4147 583 4211 XIII.
630 4159 644 4210 1
669 4149 756 4212 Ante
779 4147 863 4212 diem
886 4152 994 4212 autem
1017 4147 1134 4212 festum
1156 4147 1290 4232 paschae
1317 4145 1420 4210 sciens
1450 4144 1525 4230 quia

395 4232 486 4297 uenit
515 4234 591 4296 hora
622 4233 690 4296 eius
719 4239 755 4298 ut
782 4233 930 4298 transiret
953 4234 990 4297 de
1017 4233 1142 4297 saeculo
1164 4233 1224 4296 isto
1247 4232 1286 4295 ad
1309 4238 1429 4317 patrem
1453 4254 1524 4295 cum

396 4317 559 4383 dilexisset
581 4341 653 4382 suos
673 4319 728 4403 qui
745 4327 834 4382 erant
857 4319 1031 4383 insaecula
1047 4318 1166 4382 dil⁰ixit
1182 4339 1234 4382 eos
1250 4339 1350 4401 usque
1365 4317 1523 4380 adfinem.

393 4404 477 4467 2Et
507 4426 584 4468 cena
612 4402 695 4470 facta
727 4413 773 4468 est
808 4426 878 4467 cum
906 4403 1052 4468 diabolus
1079 4404 1143 4467 iam
1172 4425 1206 4467 se
1236 4402 1373 4466 misisset
1406 4403 1439 4464 in
1473 4424 1526 4466 cor

395 4489 488 4552 iudae
510 4489 611 4554 simon
635 4513 652 4552 a
674 4489 815 4554 cariotha
838 4496 874 4553 ut
896 4513 969 4553 cum
992 4489 1130 4553 traderet
1172 4487 1305 4552 3sciens
1322 4487 1396 4572 quia
1419 4487 1526 4551 omnia
