3667 5284
325 533 329 537 μ
438 451 459 514 2
943 451 994 505 Er.
1013 467 1065 506 sec.
1410 455 1441 509 C.
1462 457 1503 510 13.
1526 460 1569 510 14.

437 649 472 702 35
514 639 561 704 Ut
591 639 789 725 suppleretur
810 638 893 722 quod
916 637 1035 704 dictum
1058 647 1105 704 θεῖ
1124 640 1170 706 eis
1185 663 1241 726 per
1255 642 1440 727 prophetam
1463 644 1568 709 dicen·

438 728 503 788 tem
525 723 665 808 aperiam
687 723 720 786 in
743 723 905 809 parabolas
942 747 977 790 os
1008 748 1115 789 meum
1147 749 1180 790 er
1204 778 1210 789 .
1235 778 1241 791 .
1268 777 1274 788 .
1298 727 1409 792 tuabor
1442 732 1564 795 occulta

439 810 478 873 ab
506 808 636 892 origine.
682 820 716 873 36
760 810 850 874 Tunc
877 808 1060 893 relinquens
1088 811 1240 896 populum
1262 811 1353 876 uenit
1374 812 1407 876 in
1437 815 1563 879 domum

440 900 471 959 et
494 902 692 960 accesserunt
715 894 847 958 adeum
870 893 1018 980 discipuli
1042 894 1181 961 dicentes
1204 896 1253 962 dic
1273 897 1372 962 nobis
1385 901 1567 984 parabolam

439 979 506 1064 agri
537 985 568 1044 et
595 980 797 1045 zizaniorum.
843 991 876 1044 37
922 978 1047 1063 Quibus
1079 981 1125 1046 ait
1157 980 1212 1065 qui
1241 982 1358 1046 bonum
1380 985 1565 1050 seminatuit

438 1087 544 1131 semen
577 1065 661 1130 filius
696 1075 742 1130 est
774 1065 912 1129 hominis
955 1077 990 1131 38
1022 1089 1096 1150 ager
1128 1077 1234 1132 antem
1267 1074 1315 1132 est
1345 1068 1397 1134 hic
1428 1070 1568 1136 mundus

428 1151 554 1215 bonum
577 1157 683 1216 autem
706 1172 814 1215 semen
837 1150 870 1214 hi
893 1158 968 1216 sunt
989 1151 1047 1214 filii
1069 1151 1158 1236 regni
1182 1201 1188 1214 .
1213 1151 1336 1216 zizania
1361 1161 1467 1219 autem
1490 1164 1565 1221 sunt

437 1235 495 1300 filii
518 1235 658 1320 maligni.
682 1247 736 1300 ,39
759 1235 905 1301 inimicus
932 1243 1039 1301 autem
1071 1237 1213 1302 diabolus
1242 1247 1290 1302 est
1318 1239 1373 1322 qui
1395 1243 1568 1306 seminanit

439 1344 494 1386 ea.
519 1329 551 1385 et
573 1321 683 1387 messis
706 1329 753 1386 est
776 1323 1003 1386 consummatio
1026 1321 1163 1387 saeculi.
1187 1345 1339 1388 messores
1361 1329 1465 1389 autem
1489 1336 1564 1391 sunt

439 1407 543 1491 angeli
586 1417 622 1472 40
643 1405 792 1492 quoniam
823 1406 976 1491 colligunt
997 1407 1119 1472 zizania
1141 1416 1173 1471 et
1200 1408 1266 1492 igni
1289 1421 1465 1474 exuruntur
1488 1461 1494 1474 .
1518 1411 1563 1475 ita

439 1493 499 1558 erit
521 1501 553 1556 et
575 1491 609 1568 in
632 1492 934 1557 consummationem
968 1493 1085 1557 saeculi
1128 1503 1162 1556 41
1186 1493 1285 1558 mittit
1312 1494 1396 1559 filius
1426 1495 1567 1560 bominis

439 1577 565 1660 angelos
587 1600 659 1642 suos
681 1583 713 1642 θῖ
736 1577 888 1661 colligunt
903 1577 943 1641 de
964 1600 1061 1660 regno
1077 1577 1145 1643 eius
1167 1578 1273 1642 omnia
1288 1579 1433 1644 scandala
1456 1589 1488 1645 et
1509 1603 1567 1646 eos

439 1663 494 1749 qui
516 1662 638 1728 faciunt
658 1662 860 1746 iniquitatem
904 1673 938 1726 42
972 1672 1004 1727 θῖ
1027 1662 1158 1728 mittunt
1188 1687 1241 1729 eos
1263 1664 1296 1728 in
1319 1664 1446 1729 fornace
1478 1665 1565 1750 ignis

396 1795 397 1798 ,
437 1749 504 1813 illic
526 1748 586 1814 erit
607 1749 698 1813 fletus
721 1748 882 1814 oculorum
905 1755 938 1813 et
959 1748 1073 1813 stridor
1095 1748 1246 1813 dentium.
1291 1760 1325 1815 43
1362 1749 1455 1815 Tunc
1485 1751 1562 1816 iusti

438 1833 605 1918 fulgebunt
622 1833 704 1898 sicut
721 1833 768 1898 sol
782 1833 814 1897 in
833 1857 929 1919 regno
952 1833 1050 1919 patris
1066 1834 1129 1899 mei
1150 1837 1204 1919 qui
1220 1835 1315 1900 habet
1330 1858 1421 1900 aures
1444 1836 1560 1902 audiat.

438 1929 473 1983 44
494 1919 608 1984 Simile
630 1926 677 1984 est
699 1942 830 2004 regnum
854 1919 1010 1984 caelorum
1033 1919 1202 1985 thensauro
1226 1921 1407 1986 abscondito
1429 1921 1463 1985 in
1486 1945 1562 2005 agro

439 2005 522 2089 quod
557 2003 610 2088 qui
639 2003 764 2068 inuenit
792 2004 955 2069 abscondit
982 2057 988 2067 .
1017 2011 1050 2069 et
1077 2005 1192 2088 gaudio
1227 2006 1295 2071 eius
1324 2007 1421 2071 uaditt
1453 2008 1567 2072 uendit.

370 2119 371 2122 ¹
439 2089 545 2154 omnia
566 2112 646 2174 quae
669 2089 780 2154 habuit
802 2097 834 2155 et
863 2089 941 2154 emit
968 2112 1078 2173 agrum
1105 2089 1204 2154 illum.
1230 2096 1232 2099 ’
1258 2092 1562 2158 451terumsimile

439 2181 487 2241 θεῖ
507 2198 640 2259 regnum
664 2175 821 2240 caelorum
844 2175 967 2239 homini
988 2173 1163 2258 negotianti
1185 2177 1349 2260 quaerenti
1372 2178 1469 2242 bonas
1483 2202 1566 2243 mar·

440 2263 558 2345 garitae
580 2270 613 2325 46
637 2260 691 2325 ubi
713 2268 819 2326 autem
842 2260 968 2326 inuenit
989 2260 1176 2346 praetiosam
1206 2261 1406 2344 margaritam
1436 2263 1502 2328 abit
1530 2274 1563 2328 et

439 2345 549 2411 uendit
570 2346 676 2410 omnia
700 2369 780 2431 quae
810 2346 922 2411 habuit
951 2354 983 2411 et
1011 2345 1088 2409 emit
1113 2345 1210 2408 illam.
1255 2355 1289 2409 47
1312 2347 1433 2410 Iterum
1456 2348 1564 2412 simile

440 2436 487 2498 θεῖ
515 2453 647 2514 regnum
675 2431 830 2496 caelorum
860 2430 959 2496 retiae
986 2430 1097 2496 missae
1129 2430 1162 2493 in
1191 2431 1271 2493 mari
1298 2430 1380 2513 quod
1404 2455 1444 2494 ex
1474 2433 1561 2495 omni

439 2540 553 2601 genere
575 2516 711 2603 piscium
734 2517 885 2601 colligunt
928 2526 962 2580 48
984 2540 1055 2580 cum
1078 2515 1243 2600 impletum
1259 2521 1307 2580 θεῖ
1328 2521 1433 2579 autem
1456 2538 1564 2600 posue·

439 2609 514 2667 runt
536 2601 615 2666 illud
637 2602 676 2666 ad
698 2602 773 2668 litus
800 2607 832 2668 et
846 2601 991 2666 sedentes
1013 2601 1205 2685 collegerunt
1228 2623 1309 2684 quae
1330 2600 1468 2684 optimae
1489 2614 1564 2665 sunt

440 2688 474 2752 in
496 2711 572 2752 uasa
595 2710 676 2771 quae
704 2693 809 2752 autem
839 2688 922 2751 mala
949 2686 1176 2772 prasieoerunt.
1221 2696 1255 2750 49
1277 2685 1329 2750 Ita
1352 2687 1414 2749 erit
1435 2684 1468 2748 in
1491 2706 1561 2749 con·

441 2772 683 2838 summationem
706 2771 823 2838 saeculi
851 2779 970 2837 exeunt
992 2771 1096 2855 angeli
1119 2776 1151 2836 et
1173 2771 1382 2855 segregabunt
1404 2769 1502 2834 malos
1524 2769 1567 2834 de

440 2859 544 2924 medio
567 2857 721 2923 iustorum
764 2870 798 2923 50
820 2864 851 2922 θῖ
874 2857 978 2922 mittet
1000 2879 1052 2921 eos
1074 2856 1107 2919 in
1129 2856 1288 2920 fornacem
1310 2855 1392 2939 ignis
1415 2855 1482 2920 illic
1503 2854 1569 2919 erit

441 2943 574 3028 ploratio
604 2952 636 3008 et
664 2943 779 3008 stridor
808 2942 959 3007 dentium.
1013 2953 1046 3006 51
1088 2940 1291 3006 intellexistis
1320 2941 1408 3005 haec.
1458 2939 1565 3004 Aiunt

441 3032 486 3094 ita
508 3030 570 3094 dr're
625 3040 658 3092 52
681 3029 757 3092 dicit
778 3027 842 3092 illis
864 3034 1029 3113 propterea
1057 3026 1159 3092 omnis
1181 3027 1283 3091 scriba
1304 3025 1445 3091 eruditus
1467 3048 1567 3110 regno

441 3116 597 3181 caelorum
627 3167 632 3177 .
664 3113 776 3179 similis
803 3119 850 3178 est
876 3113 998 3178 homini
1029 3111 1252 3196 patrifamiliae
1282 3111 1337 3196 qui
1365 3110 1496 3196 proterit
1525 3110 1565 3174 de

440 3203 608 3267 thensauro
631 3222 687 3263 suo
710 3207 818 3263 uetera
841 3204 873 3264 et
894 3221 986 3262 noua.
1031 3209 1064 3262 53
1086 3198 1130 3262 Εῖ
1151 3198 1333 3265 factumest
1349 3220 1419 3261 curn
1441 3196 1568 3260 locutus

441 3292 522 3352 esset
544 3283 762 3350 similitudinis
785 3283 860 3348 istas
882 3282 1033 3366 migrauit
1054 3283 1130 3347 inde
1173 3292 1208 3346 54
1230 3292 1261 3348 θῖ
1283 3305 1354 3347 cum
1376 3282 1516 3347 uenisset
1530 3280 1564 3344 in

440 3371 575 3458 patriam
596 3393 685 3434 suam
708 3368 814 3434 docuit
835 3368 906 3434 illos
928 3370 962 3433 in
985 3368 1151 3454 synagogis
1172 3369 1313 3453 ipsorum
1334 3367 1379 3432 ita
1401 3376 1436 3431 ut
1457 3377 1561 3450 stupe·

441 3464 512 3522 rent
538 3462 570 3520 et
592 3456 732 3520 dicerent
760 3455 843 3519 unde
874 3455 950 3520 huic
977 3454 1164 3540 sapientiam
1193 3454 1287 3519 istam
1313 3462 1345 3517 θῖ
1373 3452 1507 3515 uirtutes
1529 3461 1568 3514 55

441 3565 546 3606 nonne
565 3541 617 3606 hic
647 3539 726 3604 fabri
748 3538 841 3604 *filius
870 3546 917 3605 est
942 3589 948 3602 .
972 3545 1004 3605 θῖ
1025 3562 1102 3604 non.
1116 3544 1216 3603 mater
1238 3539 1306 3604 eius
1329 3537 1443 3602 dicitur
1465 3536 1565 3600 maria

441 3634 473 3692 et
504 3627 615 3691 fratres
644 3625 712 3690 eius
741 3625 772 3689 ia
796 3674 929 3690 .....
954 3637 987 3688 57
1011 3675 1018 3687 .
1043 3673 1052 3690 .
1076 3672 1083 3688 .
1106 3624 1145 3688 isi
1168 3623 1179 3688 i
1203 3674 1209 3686 .
1235 3675 1241 3687 .
1267 3675 1273 3687 .
1298 3646 1338 3687 ua
1360 3629 1392 3685 et
1414 3620 1448 3685 in
1471 3621 1567 3685 domo

441 3736 505 3778 sua.
551 3723 584 3776 58
608 3720 639 3776 et
661 3734 723 3775 non
747 3711 822 3776 fecit
844 3709 888 3775 ibi
911 3709 1046 3775 uirtutes
1068 3711 1184 3775 multas
1213 3715 1340 3795 propter
1362 3706 1562 3772 incredulita·
1654 3743 1657 3751 ι

440 3805 504 3864 tem
529 3848 535 3860 .
561 3847 567 3859 .
593 3850 599 3862 .
625 3847 630 3858 .
1435 3809 1439 3814 ’

526 3882 708 3949 XIV...
753 3881 929 3946 3...0h
960 3931 966 3944 .
992 3932 998 3942 .
1024 3929 1031 3942 .
1061 3905 1094 3944 m
1121 3933 1127 3945 .
1153 3931 1191 3943 ..
1225 3876 1350 3942 uirrcxit
1381 3877 1496 3956 ill(qu
1529 3875 1565 3940 in

363 4034 368 4040 .
442 3991 598 4034 carcerem
627 3974 755 4053 propter
787 3966 988 4031 herodiadem
1024 3989 1154 4030 uxorem
1188 3961 1292 4028 fratris
1321 3962 1371 4028 sui
1395 4009 1562 4026 ......

441 4066 457 4118 6
486 4053 613 4136 er(o)dis
642 4053 674 4117 in
703 4052 806 4117 medio
834 4051 972 4116 triclinio
995 4058 1027 4116 et
1050 4050 1168 4137 placuit
1189 4047 1299 4113 horodi
1342 4060 1358 4112 7
1385 4048 1469 4113 unde
1491 4069 1564 4112 cum

440 4139 644 4204 iureiurando
669 4185 868 4202 .......
892 4148 924 4200 11
948 4160 1000 4200 um
1024 4135 1145 4201 iussit.
1170 4183 1176 4196 .
1203 4186 1208 4197 .
1233 4134 1319 4199 misit
1342 4140 1373 4199 et
1396 4131 1564 4198 decollauit

441 4225 610 4290 iohannem
634 4223 667 4287 in
691 4245 812 4287 carcere
834 4231 866 4286 et
888 4222 1029 4286 oblatum
1050 4227 1098 4285 est
1120 4219 1220 4305 capud
1248 4219 1317 4284 eius
1339 4219 1372 4283 in
1396 4263 1566 4284 ......

441 4322 475 4374 22
499 4319 529 4374 θῖ
553 4307 702 4374 continuo
725 4309 808 4392 cogit
830 4307 999 4392 discipulos
1021 4307 1187 4371 ascendere
1208 4328 1324 4369 nauem
1350 4310 1382 4369 et
1403 4301 1564 4390 praeoede-

377 4409 379 4413 ‘
441 4403 514 4460 rent
535 4403 621 4458 trans
645 4416 731 4457 mare
754 4394 850 4457 donec
871 4392 1047 4457 remitteret
1069 4392 1184 4456 turbas.
1229 4402 1263 4455 23
1285 4398 1317 4454 θῖ
1339 4412 1410 4453 oum
1426 4386 1568 4453 demisis-

442 4487 491 4546 set
513 4481 619 4546 turbas
648 4478 788 4544 ascendit
818 4477 851 4542 in
874 4483 1014 4543 montem
1036 4499 1124 4542 orare
1147 4475 1313 4560 singularis
1337 4522 1344 4537 .
1367 4497 1436 4539 sero
1458 4481 1566 4540 autem
