3667 5284
307 479 342 534 c.
362 478 403 530 aa.
827 449 928 533 matti.
1260 443 1265 451 ¹
1395 484 1435 548 13

306 664 437 730 fuerunt
459 663 556 749 digni.
601 678 617 730 9
640 668 685 730 ite
713 665 855 749 ergo-ad
878 665 983 731 exitus
1005 666 1129 731 uiarum
1159 672 1191 732 et
1217 690 1435 755 quoscumque

309 750 496 815 inueneritis
522 756 633 815 uocate
662 751 702 816 ad
730 750 865 836 nuptias.
913 763 946 817 10
967 753 1012 816 nr
1041 753 1160 836 egressi
1189 755 1273 818 serui
1302 754 1370 820 eius
1399 756 1434 819 iu

309 836 379 901 uias
420 842 689 918 congregauerunt
731 859 840 900 omnes
876 837 1047 922 quodquod
1081 837 1232 904 iuuerunt
1267 841 1366 905 malos
1403 848 1435 905 et

306 923 406 986 bonos
430 928 461 985 et
482 921 630 1007 impletae
653 927 726 987 sunt
740 921 871 1006 nuptiae
886 945 905 986 a
920 923 1195 989 discumbentibus.
1240 930 1274 988 11·
1295 925 1435 990 Intrauit

308 1015 416 1072 autem
438 1031 494 1072 rex
516 1016 552 1071 ut
574 1007 697 1072 uideret
720 1007 952 1073 discumbentes
968 1007 1104 1090 etuidit
1125 1008 1169 1072 ibi
1193 1009 1354 1075 hominem
1369 1033 1433 1074 non

311 1092 460 1157 uestitum
483 1091 708 1156 uestimentum
730 1091 871 1177 nuptiale
915 1104 949 1156 12
971 1103 1003 1158 θῖ
1025 1093 1070 1159 ait
1092 1093 1140 1158 illi
1162 1096 1263 1160 amice
1278 1096 1433 1180 quomodo

309 1179 368 1243 hoc
390 1177 506 1242 uenisti
529 1200 592 1242 non
614 1179 710 1243 habes
744 1177 972 1242 uestimentum
1006 1180 1147 1264 nuptiale
1170 1179 1209 1244 ad
1233 1181 1293 1244 ille
1315 1203 1434 1246 ommu-

300 1263 379 1328 tuit.
424 1274 457 1327 13
486 1262 578 1327 Tunc
607 1262 689 1328 dixit
714 1287 771 1328 rex
798 1263 952 1328 ministris
978 1265 1081 1329 tollite
1109 1265 1200 1328 illum
1234 1265 1366 1351 pedibus
1401 1276 1434 1330 et

310 1349 454 1413 manibus
477 1357 510 1412 et
531 1347 649 1412 mittite
672 1372 745 1413 eum
767 1348 801 1411 in
820 1350 958 1414 tenebris
983 1351 1154 1414 exteriores
1170 1350 1236 1415 illic
1258 1350 1318 1415 erit
1339 1351 1434 1416 fletus

307 1433 471 1499 oculorum
498 1439 530 1498 et
556 1433 670 1498 stridor
700 1433 855 1498 dentium.
907 1444 939 1497 14
967 1435 1063 1500 Multi
1096 1437 1181 1499 enim
1215 1446 1289 1515 sunt
1323 1438 1428 1501 uocati

308 1519 402 1604 pauci
425 1523 528 1583 autem
553 1519 655 1584 electi.
701 1530 736 1582 15
757 1520 847 1583 Tunc
870 1519 1016 1585 abierunt
1035 1519 1162 1585 farisaei
1186 1570 1192 1582 .
1216 1530 1248 1586 et
1266 1521 1433 1599 concilium

306 1611 496 1692 acceperunt
530 1613 565 1668 ut
598 1603 738 1689 caperint
771 1628 844 1668 eum
877 1604 911 1668 in
944 1628 1129 1670 sermonem.
1186 1618 1218 1669 16
1247 1612 1280 1671 et
1297 1607 1434 1689 ¹mittunt

309 1690 479 1776 discipulos
501 1713 572 1754 oum
596 1689 775 1754 herodianis
796 1689 937 1755 dicentes
951 1691 1101 1775 magister
1114 1690 1231 1756 scimus
1246 1691 1321 1776 quia
1334 1716 1433 1757 uerax

307 1800 342 1842 es
366 1827 372 1838 .
397 1783 429 1840 θῖ
450 1775 535 1839 uiam
559 1774 590 1838 di
613 1774 647 1838 in
669 1772 804 1839 ueritate
826 1775 917 1840 doces
940 1800 998 1841 nec
1022 1784 1069 1841 est
1090 1776 1148 1842 tibi
1169 1800 1244 1840 cura
1263 1779 1302 1842 de
1316 1779 1432 1862 'aliquo

309 1885 372 1928 non
395 1859 479 1925 enim
502 1859 651 1944 respicies
673 1882 821 1945 personas
844 1860 1007 1925 homiuum
1053 1873 1085 1926 17
1107 1862 1184 1947 quid
1213 1862 1269 1927 tibi
1305 1862 1433 1928 uidetur

308 1948 384 2012 licet
406 1945 473 2010 dari
495 1967 623 2009 censum
640 1946 757 2009 caesari
773 1956 913 2011 autnon.
961 1959 994 2012 18
1016 1945 1100 2011 Oum
1114 1947 1311 2030 cognouisset
1326 1954 1432 2014 autern

309 2033 361 2096 ihs
388 2029 563 2116 nequitiam
592 2053 700 2094 eorum
723 2031 768 2094 ait
790 2030 853 2096 illis
881 2031 1065 2116 hypocritae
1092 2033 1169 2118 quid
1192 2056 1243 2096 me
1269 2035 1431 2118 temptatis
1527 2103 1530 2107 ,

310 2130 342 2182 19
372 2115 527 2180 ostendite
554 2115 633 2179 mihi
666 2116 830 2180 denarium
860 2116 900 2181 ad
929 2117 977 2180 illi
1000 2117 1182 2182 obtulerunt
1204 2119 1233 2183 ei
1257 2119 1431 2184 denarium.

306 2215 343 2267 20
365 2202 426 2265 Ait
446 2201 508 2266 illis
530 2200 580 2264 ihs
604 2201 693 2266 cuius
716 2208 763 2266 est
784 2201 887 2286 imago
910 2203 988 2268 haec
1010 2208 1042 2267 et
1056 2203 1286 2289 superscriptio.
1316 2215 1349 2268 21
1374 2205 1431 2268 Di·

300 2295 385 2352 cunt
407 2286 436 2351 ei
452 2286 585 2351 caesaris
608 2295 684 2351 tunc
706 2287 750 2352 ait
765 2287 828 2352 illis
842 2287 965 2352 reddite
980 2311 1061 2372 quae
1076 2298 1150 2354 sunt
1166 2289 1300 2354 caesaris·
1314 2291 1432 2355 caesari

309 2380 341 2438 et
363 2373 497 2457 quaedi
520 2373 560 2437 do
604 2383 638 2434 22
661 2376 692 2436 θῖ
714 2371 761 2436 illi
784 2372 948 2438 audientes
971 2373 1075 2438 mirati
1097 2381 1172 2439 suut
1200 2383 1233 2440 et
1258 2376 1367 2440 relicto
1394 2398 1432 2440 eo

308 2458 463 2522 abierunt.
514 2468 548 2521 23
575 2459 614 2521 In
645 2457 700 2521 illa
728 2457 779 2520 die
807 2468 1005 2523 accesserunt
1031 2461 1070 2522 ad
1101 2483 1175 2524 eum
1201 2460 1350 2525 sadducei
1370 2460 1431 2545 qui

267 2571 268 2576 ¹
308 2545 419 2609 dicunt
440 2566 504 2606 non
527 2565 592 2607 esse
610 2543 869 2608 resurrectionem
889 2554 921 2608 et
937 2545 1211 2627 interrogauerunt
1233 2569 1306 2610 eum
1339 2557 1373 2609 24
1389 2547 1432 2610 di·

305 2639 414 2694 centes
443 2629 592 2712 magister
618 2651 741 2712 moyses
764 2628 889 2714 scripsit
918 2630 1007 2694 nobis
1030 2641 1065 2694 ut
1086 2631 1114 2694 si
1136 2632 1207 2716 quis
1230 2631 1327 2695 frater
1349 2655 1429 2696 mor·

307 2723 381 2779 tuus
404 2713 501 2779 fuerit
520 2724 552 2779 et
574 2736 636 2777 non
660 2715 806 2778 habuerit
827 2715 927 2777 filium
944 2724 979 2779 ut
994 2717 1088 2780 ducat
1104 2715 1200 2780 frater
1215 2716 1283 2781 eius
1299 2740 1429 2781 uxorem

308 2800 415 2885 ipsius.
465 2809 499 2863 25
529 2807 618 2863 erant
646 2805 752 2864 autern
779 2808 886 2863 autem
913 2801 1010 2885 apud'
1026 2822 1083 2866 nos
1112 2812 1232 2886 septem
1259 2803 1370 2866 fratres
1400 2812 1432 2867 et

306 2885 427 2969 primus
456 2889 583 2970 accepta
614 2907 709 2948 uxore
740 2884 907 2950 defunctus
937 2897 984 2950 est
1013 2896 1045 2951 et
1074 2910 1137 2951 non
1171 2887 1290 2952 habens
1322 2910 1432 2952 semen

308 2968 444 3052 reliquid
473 2993 603 3033 uxorem
633 2969 720 3033 fratri
751 2992 816 3034 suo.
870 2982 903 3035 26
932 2971 1078 3036 similiter
1111 2982 1142 3036 et
1169 2973 1325 3038 secundus
1359 3023 1365 3036 .
1400 2982 1433 3038 et

309 3053 421 3118 tertius
454 3076 553 3136 usque
589 3054 627 3117 ad
666 3054 846 3140 septimum.
902 3067 936 3120 27
972 3056 1141 3122 nobissime
1176 3064 1282 3122 autem
1318 3058 1432 3123 mulier

299 3138 457 3203 defuncta
479 3146 535 3203 est.
579 3150 613 3202 28
635 3139 669 3202 in
691 3141 950 3206 resurrectionem
978 3148 1085 3208 autem
1112 3143 1202 3208 cuius
1231 3143 1291 3208 erit
1319 3166 1399 3208 uxor
1423 3193 1430 3205 .

309 3229 429 3308 septem
453 3223 536 3288 enim
559 3225 735 3289 habuerant
757 3249 834 3290 eam.
880 3238 913 3290 29
936 3229 1114 3312 Respondit
1136 3228 1186 3292 ihs
1210 3240 1242 3292 et
1264 3229 1346 3294 dixit
1367 3229 1431 3294 illis

308 3308 419 3374 erratis
453 3332 515 3373 non
548 3309 683 3374 scientes
717 3311 903 3396 scripturam
937 3336 1040 3398 neque
1074 3314 1225 3377 uirtutem
1255 3314 1296 3377 di.
1341 3326 1376 3380 30
1397 3314 1431 3378 in

306 3394 566 3459 resurrectionem
591 3395 676 3460 enim
698 3418 800 3478 neque
823 3398 947 3462 nubunt
968 3421 1071 3481 neque
1086 3402 1247 3464 nubuntur
1261 3401 1315 3464 sed
1338 3408 1432 3464 erunt

306 3480 391 3545 siout
405 3477 510 3560 angeli
524 3480 689 3544 caelorum.
724 3492 757 3545 31
781 3481 819 3544 de
839 3484 1099 3547 resurrectionem
1115 3494 1219 3549 autem
1237 3494 1431 3550 mortuorum

308 3588 371 3630 non
397 3564 518 3648 legistis
545 3565 628 3649 quod
655 3566 772 3632 dictum
802 3577 848 3632 est
870 3592 888 3630 a
911 3568 950 3633 do
976 3569 1132 3634 dicentem
1164 3581 1198 3634 32
1221 3594 1278 3653 ego
1301 3595 1370 3636 sum
1393 3572 1431 3635 ds

305 3651 456 3715 abraham
480 3699 487 3711 .
511 3658 543 3714 et
565 3651 602 3714 ds
625 3651 689 3716 isac
712 3653 741 3716 el
763 3653 800 3715 ds
823 3654 911 3717 iacob
939 3661 971 3717 et
999 3677 1060 3718 non
1096 3665 1143 3719 est
1170 3657 1207 3719 ds
1236 3669 1431 3721 mortuorum

306 3737 362 3819 sed
384 3735 541 3800 uiuorum.
585 3747 619 3800 33
630 3737 674 3800 Et
689 3759 759 3800 cum
772 3738 917 3803 audirent
932 3740 1042 3804 turbae
1053 3741 1220 3825 stupebant
1235 3741 1268 3805 in
1291 3742 1432 3808 doctrina

306 3821 385 3886 eius.
429 3831 464 3884 34
486 3819 610 3886 farisaei
627 3831 732 3885 autern
749 3845 820 3888 curn
838 3823 991 3888 uidissent
1006 3827 1155 3909 quoniam
1170 3834 1273 3892 mutos
1295 3828 1432 3894 reddidit

249 3954 251 3959 -
304 3906 496 3971 sadducaeos
519 3954 526 3967 .
550 3906 674 3972 collecti
702 3916 776 3972 sunt
802 3910 841 3973 ad
866 3931 938 3972 eum
994 3922 1029 3974 35
1056 3917 1087 3975 et
1113 3911 1320 3996 interrogauit
1348 3937 1431 3978 unus

305 3991 420 4056 exhis
441 3996 598 4076 temptans
621 4015 691 4056 eum
736 4004 770 4058 36
794 3994 941 4078 magister
969 3996 1053 4080 quod
1075 3998 1256 4062 mandatum
1281 4022 1430 4083 magnum

307 4082 355 4142 est
377 4077 412 4140 in
432 4077 511 4160 lege.
556 4088 589 4141 37
613 4077 672 4142 Ait
691 4076 749 4154 ,illi
777 4079 829 4143 ihr
856 4079 968 4163 diliges
997 4081 1071 4144 dnm
1104 4082 1156 4146 dr‘ri
1182 4088 1273 4147 tuum
1302 4107 1343 4148 ex
1365 4093 1430 4150 tote

296 4162 399 4226 corde
422 4170 454 4226 et
483 4185 523 4226 ex
552 4173 616 4227 tota
646 4163 752 4228 anima
779 4175 833 4229 tua
864 4172 895 4230 et
923 4166 957 4229 in
984 4170 1069 4230 omni
1097 4168 1220 4232 iustitia
1249 4178 1281 4233 et
1308 4169 1340 4233 in
1365 4175 1431 4236 tota

305 4247 496 4330 cogitatione
518 4252 573 4311 tua
616 4259 650 4312 38
672 4248 750 4314 istut
778 4257 826 4314 θεῖ
848 4274 997 4334 magnum
1020 4263 1052 4317 et
1074 4255 1210 4339 primum
1235 4255 1428 4320 mandatum.

304 4343 340 4397 39
363 4333 534 4397 secundum
564 4343 670 4398 autem
701 4335 805 4399 simile
835 4335 882 4399 illi
905 4337 1017 4422 diliges
1039 4340 1218 4422 proximum
1240 4348 1330 4404 tuum
1354 4347 1431 4404 tam·

308 4439 400 4500 quarn
424 4423 464 4483 te.
509 4428 544 4482 40
572 4417 604 4482 in
637 4419 686 4483 his
716 4419 860 4504 duob(us)
890 4424 1065 4509 praeceptis
1092 4430 1158 4489 tota
1185 4427 1237 4489 lex
1260 4425 1376 4509 pendet
1399 4433 1430 4492 et

296 4500 455 4586 profetae.
500 4511 534 4565 41
564 4502 714 4570 Oollectis
741 4514 848 4571 antem
869 4507 1051 4592 pharisaeis
1065 4509 1272 4594 interrogauit
1299 4532 1351 4576 eos
1377 4511 1428 4574 ihs
