3667 5284
298 451 328 505 O.
349 453 388 504 13.
410 454 449 504 14.
826 451 892 504 Luc.
1381 451 1423 515 73

299 661 371 704 ecce
404 649 478 702 sunt
509 636 673 702 nouissimi
707 636 761 722 qui
792 643 882 701 eraut
914 637 1040 723 primi.
1064 643 1097 702 91
1129 637 1224 723 primi
1250 637 1305 722 qui
1336 642 1424 703 erant

299 723 474 788 nouissimi.
519 724 614 787 311n
637 723 705 808 ipsa
728 730 834 787 autem
857 721 908 785 die
931 728 1129 788 accesserunt
1148 724 1273 788 adeum
1297 716 1423 807 qiridam

299 808 472 894 pharisaeis
491 808 631 873 dicentes
651 807 704 872 exi
725 814 758 872 91
779 807 859 872 uade
877 808 953 892 quia
974 808 1107 872 herodes
1129 809 1199 872 uult
1220 815 1252 874 te
1274 809 1423 873 occidere.

301 905 335 959 32
356 895 418 959 Ille
440 900 545 959 autem
568 893 650 958 dixit
671 893 735 957 illis
757 893 801 957 ite
825 901 856 958 et
879 892 974 958 dicite
996 893 1087 979 uulpi
1110 892 1278 974 1111199999
1301 895 1425 978 expello

303 979 467 1044 daemonia
496 986 529 1043 et
555 1000 646 1045 curas
674 977 801 1063 perficio
830 977 924 1043 hodie
951 987 984 1044 et
1009 1001 1076 1042 cras
1104 984 1136 1043 91
1164 978 1258 1044 191119
1281 977 1332 1043 die
1348 1001 1425 1044 vcon·

190 1062 198 1077 ²
302 1066 487 1129 summabor.
533 1076 567 1129 33
590 1071 809 1128 uerumtamen
832 1071 955 1149 oportet
978 1087 1030 1127 me
1051 1064 1145 1128 hodie
1168 1069 1200 1128 91
1223 1063 1358 1129 erastino
1381 1087 1425 1129 se-

302 1150 412 1235 quenti
446 1149 531 1214 abire
563 1149 710 1233 quoniam
740 1171 803 1213 uon
826 1159 857 1214 et
886 1149 1035 1234 possibile
1063 1149 1186 1234 profeta
1212 1149 1314 1233 perire
1336 1157 1426 1214 extra

302 1234 500 1300 hierusalem.
544 1245 579 1299 34
601 1234 805 1298 Hierusalem
832 1233 1021 1299 hierusalem
1044 1257 1125 1319 quae
1148 1235 1304 1300 interfices
1326 1235 1425 1320 profe-

258 1351 260 1355 ·
303 1329 350 1386 tas
379 1330 411 1386 et
439 1320 559 1404 lapidas
590 1321 704 1384 missus
727 1319 766 1383 ad
789 1327 820 1382 te
843 1321 989 1404 quotiens
1011 1320 1098 1384 uolui
1128 1343 1316 1404 congregare
1344 1319 1424 1384 filios

302 1413 372 1470 tuos
395 1406 550 1490 quomodo
571 1404 691 1488 gallina
711 1404 815 1490 pnllos
837 1427 909 1470 suos
925 1406 983 1470 sub
998 1405 1064 1470 alas
1079 1412 1112 1468 et
1126 1405 1271 1471 noluistis
1304 1417 1338 1470 35
1354 1429 1425 1470 ecce

281 1498 283 1502 '
301 1491 481 1555 remittetur
502 1491 593 1555 uobis
615 1490 725 1554 domus
749 1497 854 1555 uestra
876 1489 945 1554 dico
968 1489 1053 1554 enim
1076 1490 1165 1555 uobis
1188 1515 1251 1556 non
1274 1515 1324 1555 me
1341 1491 1425 1555 uide-

301 1575 376 1641 bitis
409 1577 613 1660 quoadusque
642 1575 753 1639 dicatis
783 1575 965 1640 benedictus
988 1575 1044 1659 qui
1066 1575 1155 1640 uenit
1177 1576 1211 1640 in
1233 1577 1361 1641 nomine
1383 1577 1424 1640 di.

387 1662 485 1730 XIV.
531 1673 546 1724 1
575 1662 619 1725 Et
646 1659 762 1725 factum
793 1668 841 1726 est
870 1684 942 1725 curn
972 1661 1116 1726 introiret
1144 1661 1211 1747 ipse
1237 1663 1270 1726 in
1298 1662 1425 1726 domurn

303 1747 466 1812 cuiusdam
490 1770 529 1810 ex
552 1745 747 1831 principibus
768 1745 1005 1831 pharisaeorum
1024 1747 1056 1810 in
1073 1748 1200 1812 sabbato
1215 1748 1254 1811 ad
1269 1748 1425 1812 edendum

261 1834 266 1841 ’
302 1856 416 1918 panem
440 1837 472 1896 et
494 1830 556 1916 ipsi
579 1842 667 1895 erant
689 1831 890 1895 obseruantes
913 1855 995 1894 curn.
1040 1842 1057 1894 2
1086 1837 1119 1896 91
1146 1855 1218 1896 9999
1247 1834 1338 1897 homo
1360 1833 1427 1917 qui·

303 1918 375 1981 dam
398 1917 588 2001 hydropicus
611 1923 677 1980 erat
700 1917 782 2002 apud
804 1915 907 2001 ipsum
951 1928 968 1981 3
995 1928 1027 1982 et
1049 1918 1240 2003 respondens
1263 1919 1322 1982 dns
1345 1918 1426 1982 dixit

304 2003 343 2066 ad
365 2003 443 2086 legis
466 2002 606 2066 doctores
628 2002 654 2065 si
678 2001 751 2066 licet
773 2002 900 2066 sabbato
925 2025 1033 2067 curare
1055 2013 1187 2068 autnon
1218 2002 1305 2067 41111
1320 2009 1425 2068 autern

303 2092 478 2152 tacuerunt.
512 2087 573 2150 Ille
596 2094 700 2151 autem
724 2087 951 2172 adpraehendit
971 2087 1063 2151 illurn
1086 2092 1118 2152 91
1140 2089 1263 2152 curauit
1285 2095 1316 2152 et
1337 2088 1427 2152 dimi-

305 2171 355 2236 sit.
400 2184 416 2238 5
448 2180 479 2236 et
508 2171 589 2236 dixit
618 2172 655 2236 ad
682 2173 782 2236 illos.
808 2171 896 2236 cuius
920 2178 1059 2237 uestrum
1081 2173 1165 2238 filius
1188 2183 1242 2239 aut
1264 2175 1321 2238 bus
1343 2173 1370 2238 si
1392 2174 1425 2237 in

304 2264 435 2343 puteum
459 2256 625 2322 caeciderit
648 2257 698 2320 die
721 2258 840 2322 sabbati
864 2281 927 2321 non
950 2258 1099 2322 continuo
1126 2259 1258 2324 extrahit
1280 2259 1368 2323 illurn
1393 2260 1425 2323 in

305 2343 355 2408 die
378 2342 499 2408 sabbati
541 2342 626 2406 61111
650 2350 755 2408 autem
784 2342 866 2406 nihil
893 2349 1064 2428 potuerunt
1085 2345 1272 2429 respondere
1295 2345 1334 2408 ad
1355 2345 1425 2409 ista.

305 2440 320 2492 7
349 2428 486 2492 Dicebat
516 2434 624 2492 autem
650 2429 689 2491 ad
717 2451 770 2492 eos
799 2428 853 2512 qui
883 2428 1009 2492 inuitati
1040 2429 1165 2494 fuerant
1186 2429 1427 2494 similitudinem

302 2521 415 2578 notans
437 2512 497 2578 sibi
520 2513 675 2596 quomodo
697 2513 835 2598 primum
857 2514 959 2578 locum
984 2513 1150 2598 eligebant·
1195 2527 1212 2580 3
1239 2515 1320 2580 Oum
1347 2516 1427 2580 inui-

302 2599 361 2663 tati
390 2597 514 2662 fueritis
544 2599 583 2662 ad
609 2599 738 2684 ‚nuptias
768 2598 867 2665 nolite
889 2599 1072 2663 recumbere
1094 2600 1127 2663 in
1156 2601 1260 2665 locum
1288 2602 1424 2686 primurn

302 2708 342 2748 ne
365 2683 445 2748 forte
468 2683 649 2748 honoratior
671 2685 713 2748 sit
735 2684 824 2748 uobis
846 2684 1002 2749 inuitatus
1026 2685 1088 2749 illo.
1134 2697 1150 2749 9
1179 2694 1212 2751 91
1241 2687 1348 2750 ueniat
1371 2688 1426 2771 qui

302 2791 359 2834 uos
388 2777 420 2835 et
447 2768 538 2832 illum
567 2769 720 2834 inuitauit
749 2775 781 2833 et
810 2769 894 2834 dicat
922 2769 979 2834 tibi
1006 2771 1045 2833 da
1074 2770 1150 2835 huic
1171 2771 1275 2836 locum
1298 2779 1330 2836 91
1351 2777 1427 2837 tunc

304 2855 364 2918 eris
388 2878 458 2919 cum
481 2855 593 2918 rubore
615 2855 821 2919 nouissimum
843 2855 947 2919 locum
970 2860 1087 2920 tenere.
1133 2867 1167 2920 10
1184 2857 1238 2920 sed
1255 2881 1325 2922 cum
1348 2857 1428 2922 inui-

304 2946 387 3003 tatus
410 2939 507 3004 fueris
529 2939 563 3003 in
585 2941 712 3025 nuptias
734 2940 766 3003 in
790 2940 998 3005 nouissimum
1020 2941 1124 3005 locum
1144 2944 1290 3007 recumbe
1305 2950 1342 3007 ut
1356 2968 1446 3008 cum

305 3026 429 3088 uenerit
458 3025 512 3108 qui
543 3032 574 3088 te
602 3035 633 3089 et
666 3025 755 3088 illurn
786 3025 938 3091 inuitauit
964 3025 1048 3090 dicat
1075 3026 1132 3091 tibi
1166 3027 1266 3092 amice
1294 3030 1427 3092 ascende

305 3109 471 3194 superius.
489 3111 548 3174 hoo
571 3109 656 3173 enim
679 3112 740 3175 erit
763 3111 820 3174 tibi
843 3111 943 3194 gloria
966 3134 1069 3175 coram
1091 3111 1185 3176 simul
1208 3113 1427 3177 discumbenti-

304 3195 362 3258 bus
406 3206 438 3258 11
474 3194 622 3279 quoniam
638 3196 707 3280 qui
736 3219 768 3260 se
797 3196 1017 3260 humiliauerit
1048 3198 1241 3262 exaltauitur
1270 3250 1277 3262 .
1308 3208 1340 3263 91
1372 3199 1426 3283 qui

305 3280 425 3344 exaltat
447 3304 479 3344 se
501 3281 729 3345 humiliabitur.
776 3293 808 3344 12
831 3281 966 3346 Dicebat
988 3290 1095 3346 autem
1119 3290 1149 3347 91
1172 3283 1227 3366 qui
1255 3306 1289 3347 se
1315 3283 1428 3348 inuita·

305 3372 394 3429 uerat
424 3389 493 3430 cum
522 3365 618 3430 facies
645 3367 812 3452 prandium
842 3377 897 3430 aut
927 3389 1037 3431 cenam
1059 3368 1125 3431 noli
1146 3369 1282 3433 inuitare
1311 3370 1428 3434 amicos

304 3456 374 3514 tuos
396 3472 499 3533 neque
526 3449 638 3516 1191199
668 3462 737 3516 tuos
764 3475 866 3536 neque
893 3452 1016 3516 uicinos
1042 3475 1147 3536 neque
1175 3453 1292 3518 diuites
1319 3464 1351 3517 et
1379 3454 1427 3518 illi

304 3535 478 3599 reinuitent
501 3541 533 3600 te
555 3545 587 3600 91
608 3538 663 3601 fiet
685 3537 850 3602 retributio
873 3537 940 3602 tibi.
987 3549 1020 3601 13
1041 3539 1096 3602 sed
1119 3561 1188 3602 curn
1205 3539 1317 3603 feceris
1338 3562 1428 3624 pran-

304 3621 391 3685 dium
423 3620 525 3684 inuita
554 3623 714 3686 mendicos
742 3623 860 3686 debiles
885 3672 890 3683 .
916 3645 1023 3688 caecos
1052 3623 1164 3688 clodos.
1210 3634 1243 3686 14
1265 3634 1297 3689 et
1318 3625 1428 3689 beatus

305 3706 365 3770 eris
388 3707 538 3791 quoniam
560 3731 623 3770 non
646 3709 763 3772 habent
789 3707 963 3772 retribuere
993 3709 1051 3772 tibi
1075 3758 1081 3770 .
1105 3709 1289 3773 restituetur
1321 3715 1427 3774 autem

304 3791 363 3854 tibi
386 3791 418 3854 in
441 3792 669 3878 resurrectione
691 3793 855 3858 iustorum.
900 3804 934 3857 15
963 3791 1045 3858 Oum
1074 3794 1212 3858 audisset
1234 3803 1339 3859 autern
1362 3796 1428 3880 qui-

304 3877 377 3940 dam
398 3901 437 3941 ex
460 3879 773 3943 conrecumbentibus
796 3878 876 3943 dixit
892 3879 940 3941 illi
957 3931 963 3942 .
980 3880 1090 3943 beatus
1113 3880 1167 3961 qui
1191 3881 1428 3945 manducauerit

304 3985 419 4047 panem
441 3961 474 4025 in
497 3985 593 4045 regno
616 3963 656 4027 di.
703 3975 735 4027 16
759 3965 801 4028 Et
823 3963 904 4027 dixit
927 3964 986 4027 dns
1009 3965 1102 4028 horno
1125 3964 1253 4049 quidam
1275 3965 1351 4030 fecit
1381 3989 1427 4030 ce·

304 4070 377 4110 nam
401 4055 433 4111 91
455 4047 606 4114 inuitauit
628 4050 743 4113 multos
776 4060 809 4112 17
832 4056 863 4112 91
879 4049 966 4114 misit
980 4071 1104 4114 seruum
1121 4050 1198 4114 hora
1213 4074 1308 4116 cenae
1324 4050 1428 4116 dicere

304 4131 449 4197 inuitatis
472 4133 580 4197 uenite
603 4134 754 4217 quoniam
782 4134 887 4198 omnia
921 4140 1028 4218 parata
1058 4143 1139 4199 sunt.
1186 4147 1219 4200 18
1248 4136 1428 4222 Coeperunt

306 4217 421 4300 singuli
445 4241 594 4282 excusare
617 4226 649 4283 91
671 4218 790 4304 primus
806 4217 887 4282 dixit
901 4219 1012 4283 uillam
1028 4221 1090 4283 emi
1107 4229 1138 4284 91
1152 4243 1312 4285 necassem
1327 4223 1427 4286 habeo

306 4301 392 4366 exire
415 4310 446 4366 et
468 4303 577 4368 uidere
599 4303 686 4368 illam
709 4326 783 4386 rogo
798 4308 829 4368 19
844 4304 926 4368 habe
941 4329 991 4368 me
1007 4314 1201 4370 excusatum.
1246 4318 1279 4370 18
1302 4313 1334 4370 et
1348 4307 1429 4371 alius

307 4383 387 4451 dixit
415 4389 489 4472 iuga
516 4410 612 4451 uourn
643 4387 705 4454 emi
732 4389 872 4473 quinque
900 4396 933 4454 et
964 4413 999 4454 9ο
1028 4392 1159 4476 probare
1188 4392 1242 4455 illa
1270 4392 1350 4456 habe
1377 4417 1429 4456 me

306 4481 497 4539 excusatum.
543 4485 577 4538 20
608 4479 639 4538 91
666 4475 746 4538 alius
777 4473 860 4538 dixit
886 4497 1016 4539 uxorem
1047 4475 1124 4539 duxi
1153 4485 1185 4541 et
1212 4499 1275 4540 non
1302 4499 1426 4560 possum
