3667 5284
413 1623 707 1704 EUANGELIUM
734 1621 969 1700 SECUNDUM
995 1622 1289 1701 MATTHAEUM.

374 1833 541 1897 XII...
585 1840 619 1896 43
663 1831 766 1894 Mater
795 1852 866 1895 mea
894 1836 927 1895 et
949 1853 1021 1895 ecce
1043 1829 1155 1895 fratres
1177 1829 1250 1894 mei.
1302 1840 1336 1894 50
1358 1829 1413 1916 qui

285 1918 374 1984 enirn
397 1916 509 1982 fecerit
531 1915 728 1981 uoluntatem
750 1915 848 2000 patris
870 1914 934 1980 mei
956 1915 1011 2000 qui
1026 1915 1060 1979 in
1083 1914 1177 1981 caelis
1193 1922 1240 1980 est
1256 1915 1310 1980 ille
1326 1938 1416 1980 meus

288 2011 322 2070 et
345 2011 446 2068 mater
468 2008 501 2066 et
522 2023 609 2066 soror
630 2005 663 2065 et
684 1999 782 2064 frater
804 2007 859 2066 eet.

375 2087 477 2151 XIII.
524 2097 538 2149 1
582 2086 623 2149 In
649 2085 705 2151 illa
727 2084 778 2150 die
801 2108 943 2170 egressus
965 2094 1013 2152 est
1035 2085 1087 2150 ihs
1117 2090 1149 2151 et
1176 2086 1305 2150 sedebat
1326 2085 1417 2152 iuxta

288 2195 385 2236 mare.
430 2183 447 2235 2
470 2176 502 2236 et
524 2179 740 2236 conuenerunt
762 2171 801 2236 ad
822 2194 892 2237 eum
916 2172 1028 2238 turbae
1043 2172 1162 2236 multae
1184 2172 1288 2236 itaut
1302 2193 1417 2236 nauem

291 2256 473 2323 ascenderet
494 2262 527 2323 et
548 2257 671 2322 sederet
699 2261 730 2322 et
757 2257 926 2322 uniuersus
955 2257 1092 2343 populus
1114 2255 1147 2320 in
1180 2255 1272 2321 litore
1304 2257 1415 2322 stabat.

285 2342 1416 2427 3etio-...ecce...nass...etcumae...quaedam

290 2428 518 2514 c(ae)ciderunt
540 2426 631 2493 iuxta
646 2427 732 2491 uiam
756 2477 761 2489 .
787 2479 794 2492 .
820 2481 826 2491 .
850 2435 925 2493 runt
940 2428 1085 2493 uolucres
1100 2433 1131 2493 et
1146 2427 1348 2493 comederunt
1369 2450 1415 2505 ea.

285 2525 306 2579 a
329 2514 391 2580 alia
413 2520 518 2580 autern
543 2513 755 2580 caeciderumt
775 2536 869 2600 super
891 2521 1015 2600 petrosa
1037 2513 1092 2578 ubi
1114 2536 1176 2577 non
1200 2521 1267 2577 erat
1293 2511 1418 2598 copiosa

288 2605 373 2665 terra
409 2606 442 2665 et
474 2598 581 2664 statim
616 2606 691 2662 nata
724 2603 806 2663 sunt.
862 2611 878 2664 6
916 2606 985 2664 orto
1018 2603 1124 2664 autern
1157 2599 1222 2663 sole
1256 2602 1417 2663 estuantes

290 2693 484 2751 exaruerunt
516 2707 552 2749 co
582 2684 665 2770 quod
697 2734 864 2748 ......
918 2697 934 2749 7
961 2684 994 2748 in
1025 2735 1032 2748 .
1066 2733 1072 2745 .
1101 2735 1108 2748 .
1143 2689 1176 2748 et
1208 2706 1318 2749 creuer
1341 2732 1348 2745 .
1373 2734 1379 2746 .
1404 2693 1417 2748 t

187 2781 188 2784 ’
285 2771 398 2856 spinae
432 2777 464 2836 et
492 2770 727 2835 suffccauerunt
760 2793 806 2834 ea.
860 2782 877 2835 3
908 2769 972 2834 alia
1004 2779 1111 2834 autem
1145 2769 1345 2834 caeciderunt
1379 2768 1412 2832 in

290 2863 406 2920 terram
427 2856 541 2921 bonam
565 2861 596 2920 et
611 2856 731 2920 dabunt
745 2853 883 2921 fructum
907 2855 986 2920 aliut
1002 2877 1072 2919 curn
1089 2853 1319 2920 centensimum
1335 2853 1415 2918 aliut

288 2962 363 3002 cum
386 2940 635 3005 sexaeensimum
659 2941 738 3006 aliut
758 2965 834 3006 uero
854 2964 925 3006 curn
941 2940 1158 3005 tricensimum
1200 2952 1217 3004 9
1240 2939 1295 3024 qui
1321 2939 1417 3004 habet

293 3046 384 3088 aures
405 3025 521 3089 audiat.
567 3037 600 3090 10
621 3026 666 3090 Et
688 3027 851 3094 audientes
874 3049 947 3091 eurn
974 3025 1120 3111 discipuli
1147 3025 1296 3090 dixerunt
1318 3047 1415 3108 quare

293 3107 326 3171 in
363 3110 518 3193 parabolis
551 3110 689 3194 loqueris
730 3112 784 3176 eis.
838 3124 880 3176 11.
925 3112 970 3176 Et
1005 3112 1196 3197 respondens
1233 3109 1315 3176 dixit
1350 3110 1415 3174 illis

290 3193 443 3278 quoniam
465 3193 555 3259 uobis
582 3195 688 3259 datum
717 3205 764 3261 est
796 3197 875 3262 scire
909 3196 1060 3282 mysteria
1091 3197 1182 3280 regni
1212 3195 1275 3261 illis
1308 3203 1414 3260 autem
1455 3236 1460 3250 ι

293 3301 357 3343 non
388 3287 435 3343 est
465 3279 573 3343 datum
597 3290 630 3343 12
652 3279 706 3364 qui
730 3280 813 3345 enim
837 3282 932 3347 habet
955 3281 1080 3345 dabitur
1102 3281 1150 3345 illi
1167 3286 1200 3347 et
1222 3280 1415 3345 abundabit.

288 3363 349 3448 qui
370 3369 475 3428 autem
499 3387 562 3428 non
584 3365 680 3430 habet
702 3374 734 3430 et
761 3366 843 3450 quod
865 3368 960 3431 habet
982 3367 1143 3452 auferetur
1165 3367 1204 3430 ei.
1228 3378 1261 3431 13
1288 3366 1358 3431 ideo
1380 3365 1412 3428 in

293 3449 448 3534 parabolis
471 3449 534 3513 illis
556 3449 667 3534 loquor
689 3455 725 3514 ut
758 3451 902 3516 uidentes
936 3475 999 3517 non
1033 3452 1192 3516 uideant.
1218 3500 1351 3516 .....
1381 3461 1416 3514 24

294 3557 367 3618 agro
390 3557 446 3599 suo
468 3535 584 3599 bonurn
607 3558 713 3622 semen
749 3539 789 3600 25>
812 3547 844 3601 et
867 3536 1093 3602 dormientibus
1113 3535 1294 3603 hominibus
1327 3536 1417 3601 uenit

293 3619 442 3685 inimicus
465 3629 497 3686 et
515 3620 685 3685 seminauit
700 3620 822 3686 zizania
844 3622 877 3686 in
901 3621 1004 3686 medio
1019 3622 1139 3687 tritici.
1165 3630 1197 3686 et
1211 3621 1289 3685 abiit
1311 3672 1317 3684 .
1344 3673 1351 3687 .
1374 3674 1381 3687 .
1409 3674 1414 3684 .

287 3716 326 3769 27
356 3705 416 3769 asti
444 3755 450 3767 .
477 3756 481 3768 .
507 3756 512 3767 .
544 3729 585 3770 uo
617 3706 701 3770 unde
730 3729 802 3792 ergo
832 3708 928 3772 habet
954 3707 1085 3770 zizania.
1129 3718 1172 3771 28.
1218 3706 1342 3790 Quibus
1371 3707 1417 3771 ait

293 3789 440 3854 inimicus
463 3791 556 3856 homo
579 3791 636 3855 hoc
658 3790 739 3856 fecit.
785 3792 902 3857 Dicunt
934 3792 963 3857 ci
989 3792 1073 3856 serui
1101 3791 1151 3856 uis
1172 3790 1255 3855 imus
1277 3799 1310 3857 et
1333 3792 1418 3856 colli-

290 3877 397 3959 gimus
429 3875 485 3958 illa
508 3927 641 3942 .....
695 3888 730 3941 30
759 3926 765 3938 .
791 3925 798 3939 .
830 3900 903 3942 sco
932 3928 938 3939 .
964 3927 970 3939 .
996 3929 1002 3940 .
1028 3930 1034 3940 .
1057 3877 1140 3941 rimu
1175 3927 1181 3939 .
1216 3925 1224 3941 .
1257 3885 1289 3941 et
1322 3876 1417 3942 facite

293 3961 470 4045 manipulos
492 3970 525 4025 et
546 3961 614 4044 igni
636 3967 814 4026 crementur
835 3962 975 4028 triticum
999 3985 1074 4027 uero
1097 3963 1131 4026 in
1153 3962 1264 4026 horreo
1280 3985 1349 4028 meo
1372 3985 1417 4026 re·

293 4045 410 4131 ponite.
455 4057 488 4111 31
510 4047 621 4112 Aliam
643 4048 820 4132 parabolam
843 4049 967 4112 Iocutus
994 4056 1041 4113 est
1063 4052 1108 4112 eis
1137 4095 1304 4112 ......
1328 4059 1362 4112 32
1385 4055 1418 4112 et

292 4133 328 4196 fit
349 4132 440 4195 arbor
462 4137 498 4196 ut
519 4133 616 4198 habes
638 4132 717 4197 caeli
747 4142 894 4198 maneant
923 4133 956 4196 in
990 4133 1085 4198 ramis
1116 4133 1193 4198 eius.
1238 4145 1273 4197 33
1305 4132 1417 4197 Aliam

290 4218 472 4302 parabolam
496 4217 577 4282 dixit
604 4217 668 4283 illis
695 4219 798 4283 simile
832 4229 880 4282 est
909 4242 1039 4304 regnum
1072 4218 1229 4285 caelorum
1261 4217 1418 4282 fermento

289 4302 376 4384 quod
414 4301 571 4387 accipiens
607 4304 720 4368 mulier
760 4303 922 4369 abscondit
964 4304 997 4367 in
1028 4303 1129 4368 farina
1160 4325 1323 4368 mensuras
1353 4311 1417 4368 tres

229 4415 240 4432 ‚·
294 4408 457 4472 usquequo
475 4395 578 4452 toturn
596 4387 812 4454 fermentetur.
844 4398 879 4454 34
902 4390 992 4455 Haec
1003 4389 1100 4473 igitur
1111 4390 1219 4454 omnia
1235 4389 1358 4453 locutus
1371 4396 1418 4452 est

290 4468 346 4532 ihs
367 4470 402 4535 in
423 4472 579 4557 parabolis
601 4474 717 4559 populo
740 4483 772 4540 et
794 4474 862 4541 sine
884 4475 1046 4560 parabolas
1069 4498 1131 4540 non
1154 4473 1340 4558 loquebatur
1362 4471 1418 4537 eis

397 4571 412 4624 1
430 4602 463 4612 -
481 4573 531 4628 Er.
549 4573 632 4641 palat.
