3667 5284
395 470 440 535 40
902 467 954 521 dv.
971 481 1023 521 seo.
1374 448 1403 521 0.
1423 469 1463 520 00.
1484 469 1529 521 rr.

399 656 489 722 uobis
512 679 596 722 nuno
619 655 689 722 dico
733 667 768 722 34
789 662 993 742 praeceptum
1015 678 1133 720 nouum
1158 654 1197 720 do
1220 654 1309 721 uobis
1332 661 1368 721 ut
1389 655 1531 739 diligatis

398 742 537 807 inuicem
572 742 654 806 sicut
683 765 740 826 ego
770 741 869 807 dilexi
898 763 965 807 uos.
1009 752 1044 805 33
1072 740 1105 804 10
1128 742 1187 806 300
1209 750 1396 824 cognoscent
1418 763 1530 806 omnes

399 828 483 911 quod
521 826 666 913 discipuli
704 827 768 892 mei
805 826 874 892 sitis
910 825 938 891 si
974 825 1175 890 dilectionem
1206 826 1350 890 30300310
1377 826 1526 892 inuicem.

399 925 433 978 36
456 912 545 978 Dicit
566 913 614 978 illi
637 913 739 978 simon
761 919 869 999 petrus
891 912 953 976 dne
977 934 1038 997 quo
1060 911 1159 976 uadis.
1205 911 1383 997 Respondit
1397 911 1449 976 ihs
1465 935 1531 996 quo

400 1007 457 1082 ego
484 1021 521 1062 00
551 1004 586 1063 30
612 1007 793 1084 00000300
821 997 931 1062 000100
961 997 1052 1061 modo
1077 1047 1083 1058 .
1106 996 1248 1082 sequeris
1273 1006 1379 1062 autem
1408 1006 1526 1082 000300.

399 1096 432 1149 37
456 1083 545 1149 Dicit
570 1083 618 1147 illi
647 1092 756 1170 003000
783 1084 845 1149 dud
869 1105 967 1168 quare
994 1106 1057 1146 non
1080 1090 1238 1167 possumnt
1260 1091 1293 1147 te
1323 1083 1413 1167 sequi
1436 1085 1531 1148 modo

399 1169 537 1234 animam
569 1193 672 1233 meam
705 1192 761 1254 pro
795 1177 826 1234 30
857 1191 982 1254 ponam.
1015 1179 1062 1232 Ι’38
1094 1166 1273 1253 Respondit
1306 1167 1357 1231 ihs
1388 1169 1528 1232 animam

399 1261 486 1319 tuam
509 1277 565 1340 pro
588 1278 638 1318 me
660 1254 751 1340 00010
773 1278 865 1318 amen
897 1252 965 1317 dioo
992 1252 1052 1318 tibi
1081 1253 1264 1338 priusquam
1293 1254 1395 1338 gallus
1422 1262 1532 1319 000303

399 1348 448 1406 300
469 1363 521 1404 000
543 1340 671 1424 negabis

484 1426 581 1494 XIV.
628 1437 642 1488 1
671 1447 743 1489 non
773 1429 979 1489 000300003οτ
1007 1447 1060 1488 000
1087 1422 1230 1488 uestrum
1264 1446 1369 1509 neque
1391 1423 1533 1510 trepidet

400 1509 518 1576 credite
541 1510 574 1574 in
598 1511 638 1575 do
661 1518 694 1574 et
708 1511 742 1574 in
758 1532 809 1574 me
832 1509 950 1575 credite
992 1508 1066 1573 310
1090 1509 1180 1573 domo
1202 1508 1301 1594 patris
1324 1508 1386 1572 mei
1408 1509 1528 1574 multae

400 1602 474 1661 sunt
507 1597 686 1662 mansiones
719 1595 747 1661 si
770 1595 938 1680 quominus
961 1593 1112 1659 dixissem
1134 1593 1225 1659 uobis
1248 1617 1284 1658 00
1307 1617 1417 1679 000000
1439 1595 1531 1660 00310

399 1683 512 1746 locum.
547 1689 619 1746 303
640 1681 667 1747 01
697 1680 802 1746 abiero
833 1685 865 1745 03
887 1703 1039 1765 00000000
1062 1679 1177 1744 iterum
1200 1679 1327 1744 ueniam
1351 1690 1383 1744 03
1405 1703 1527 1745 sumam

400 1789 457 1832 uos
486 1775 523 1831 03
551 1765 651 1832 sicubi
683 1790 752 1832 sum
781 1789 838 1849 ego
868 1775 979 1830 03000
1002 1765 1072 1831 01310
1115 1775 1187 1830 403
1207 1764 1296 1829 001310
1319 1788 1381 1849 quo
1404 1789 1473 1829 eam
1497 1775 1532 1830 03

352 1892 354 1896 -
399 1853 485 1916 uiam
508 1852 615 1917 nostis.
661 1851 905 1917 0413030000
932 1849 1391 1934 1001000000010000000
1420 1859 1529 1916 00003

400 1937 555 2022 quomodo
578 1937 664 2002 uiam
687 1936 842 2002 nouimus.
888 1935 1124 2001 6313113130
1147 1958 1204 2019 ego
1226 1958 1297 2000 sum
1319 1937 1373 2001 010
1395 1948 1427 2001 03
1447 1937 1532 2002 0001·

400 2035 447 2087 300
470 2029 502 2087 03
525 2023 593 2087 0130
615 2047 707 2088 nemo
731 2021 821 2086 uenit
843 2022 881 2086 01
904 2028 1025 2108 patrem
1049 2021 1272 2106 0101000000.
1317 2033 1333 2086 7
1363 2021 1389 2086 01
1419 2045 1528 2105 cogno·

399 2107 492 2173 uistis
514 2133 565 2173 me
589 2122 621 2173 03
643 2118 764 2194 patrem
787 2130 895 2172 meum
917 2107 1104 2191 cognoscitis
1126 2115 1158 2171 et
1181 2106 1292 2170 amodo
1314 2107 1414 2172 nostis
1436 2107 1526 2171 illum

400 2199 432 2258 03
453 2193 569 2258 0110310
592 2216 672 2258 eum.
720 2193 821 2258 sair
849 2192 1012 2279 philippus
1044 2191 1105 2256 100
1136 2192 1265 2256 0030010
1294 2193 1384 2257 00310
1406 2203 1529 2278 0030000

400 2286 432 2344 03
454 2277 572 2364 sufficit
593 2279 695 2344 nobis.
741 2291 757 2342 9
779 2277 840 2342 Ait
861 2278 910 2342 illi
932 2279 984 2342 133
1007 2285 1094 2342 30030
1116 2283 1256 2362 tempore
1278 2278 1442 2343 uobiscum
1458 2302 1529 2343 sum

400 2370 432 2429 03
460 2387 523 2428 000
553 2366 650 2430 000310
681 2387 732 2428 000
758 2363 900 2449 03111000
928 2367 982 2448 qui
1013 2387 1064 2428 me
1093 2361 1176 2427 uidit
1204 2369 1323 2448 0030001
1347 2363 1429 2428 01113
1451 2388 1528 2448 quo·

400 2449 491 2514 modo
506 2459 543 2514 tu
558 2449 636 2516 dicis
651 2448 781 2514 ostende
796 2450 886 2514 nobis
900 2462 1022 2536 patrem
1057 2459 1168 2512 10000
1185 2448 1285 2513 000110
1304 2448 1454 2534 quoniam
1470 2473 1530 2533 ego

400 2536 434 2598 in
449 2540 538 2620 00300
561 2541 593 2600 03
614 2541 702 2620 00300
724 2533 757 2597 10
781 2557 833 2598 ms
856 2543 905 2600 est
928 2535 1024 2599 uerba
1047 2556 1129 2619 quae
1152 2557 1208 2617 ego
1232 2533 1300 2598 dico
1323 2535 1414 2599 uobis
1436 2559 1454 2598 0
1476 2559 1527 2599 me

399 2643 462 2684 non
482 2620 593 2704 loquor
608 2625 698 2706 00300
720 2627 827 2684 autem
850 2621 883 2685 in
906 2643 957 2684 me
980 2642 1111 2684 manens
1132 2618 1208 2684 10013
1229 2619 1312 2684 10030
1356 2630 1388 2683 11
1411 2621 1529 2684 0001130

380 2704 479 2790 mihi
503 2705 578 2788 quia
601 2729 657 2790 ego
681 2705 714 2769 in
737 2710 826 2792 patre
849 2713 881 2770 03
904 2719 993 2790 00300
1016 2703 1048 2768 10
1071 2728 1122 2768 ms
1150 2710 1197 2769 est
1240 2715 1274 2768 13
1303 2704 1329 2769 01
1358 2705 1526 2790 quominus

400 2799 528 2876 propter
550 2790 632 2870 10030
654 2791 723 2876 1000
744 2789 871 2856 credite.
917 2795 1025 2854 Amen
1047 2812 1140 2854 amen
1162 2790 1232 2855 dico
1252 2791 1342 2856 uobis
1357 2790 1461 2876 quiin
1476 2814 1530 2854 me

400 2877 497 2940 eredit
519 2876 603 2941 10030
625 2899 706 2960 quse
729 2899 786 2960 ego
808 2876 889 2942 facio
912 2883 944 2940 03
967 2875 1034 2960 1000
1054 2874 1143 2940 faciet
1166 2875 1239 2960 quia
1255 2877 1336 2940 uado
1352 2877 1391 2940 01
1406 2882 1529 2961 patrem

400 2984 517 3026 meum.
564 2973 597 3026 13
620 2973 652 3027 03
674 2960 830 3047 quidquid
856 2959 1012 3048 petieritis
1032 2959 1067 3024 in
1089 2961 1217 3024 nomine
1240 2984 1310 3026 meo
1333 2961 1528 3026 3001001000

400 3059 436 3110 03
459 3047 678 3130 magnificetur
699 3052 789 3133 00300
811 3047 844 3111 10
866 3047 931 3110 filio
975 3055 1009 3108 14
1030 3046 1057 3110 01
1081 3046 1157 3130 quid
1181 3045 1336 3132 petieritis
1351 3047 1384 3111 in
1400 3047 1532 3111 nomine

399 3155 470 3196 meo
504 3155 560 3216 ego
594 3132 717 3197 faciam.
764 3143 797 3196 15
826 3131 853 3196 si
882 3131 1023 3213 diligites
1050 3155 1100 3196 me
1127 3133 1274 3196 mandata
1303 3155 1374 3196 0000
1395 3134 1526 3197 0003030.

387 3229 434 3282 16
457 3222 488 3282 03
510 3241 567 3302 ego
590 3220 704 3302 rogabo
727 3227 846 3303 patrem
873 3216 1023 3282 03011000
1047 3217 1235 3282 aduocatum
1263 3217 1350 3282 (10313
1377 3217 1467 3282 00310
1493 3226 1531 3282 03

400 3304 443 3366 013
471 3304 634 3368 uobiscum
664 3304 697 3367 in
727 3308 891 3368 aeternum
936 3313 969 3366 17
991 3313 1059 3388 0031
1083 3302 1242 3368 0000130310
1264 3325 1360 3386 quem
1386 3303 1532 3389 accipere

400 3389 558 3453 saeculum
590 3413 653 3453 non
689 3393 791 3474 potest
827 3386 974 3472 quoniam
1009 3410 1073 3451 nou
1101 3387 1190 3452 uidet
1220 3387 1311 3452 illum
1342 3411 1406 3452 000
1438 3387 1529 3452 00013

400 3474 490 3538 illum
518 3498 576 3539 uos
605 3481 711 3538 003000
741 3473 840 3539 000310
870 3473 962 3537 illum
996 3473 1071 3557 quia
1099 3474 1182 3558 apud
1209 3495 1266 3538 uos
1300 3478 1407 3538 manet
1435 3481 1467 3538 03
1494 3473 1528 3536 10

400 3557 491 3623 00310
514 3559 617 3624 00310
641 3567 813 3624 aeternum.
860 3571 894 3624 18
915 3559 990 3623 Nou
1013 3558 1189 3643 relinquam
1213 3581 1270 3623 uos
1292 3558 1417 3623 orfanos
1432 3558 1531 3623 uenio

400 3644 519 3708 01000
564 3656 597 3710 19
620 3645 723 3710 01300
745 3643 896 3730 pusillum
920 3648 952 3708 03
974 3645 1135 3710 saeculum
1159 3667 1296 3708 menon
1323 3644 1445 3709 uidebit
1471 3667 1529 3707 uos

401 3737 507 3794 sutem
543 3730 695 3795 uidebitis
739 3740 774 3795 30
799 3728 832 3792 10
862 3729 922 3815 1110,
946 3728 998 3794 (110
1027 3728 1114 3794 001310
1148 3752 1205 3793 000
1235 3729 1384 3814 quoniam
1414 3752 1471 3812 ego
1494 3729 1528 3792 in

400 3823 489 3900 patre
512 3838 582 3878 meo
606 3821 716 3880 03000
739 3815 772 3878 10
795 3838 846 3878 me
869 3826 901 3878 et
924 3836 981 3898 ego
1003 3814 1036 3878 in
1059 3813 1158 3879 00310,
1203 3825 1237 3878 31
1261 3815 1317 3899 qui
1331 3815 1427 3880 30303
1445 3838 1531 3878 man-

400 3900 474 3965 data
497 3923 568 3964 mea
590 3907 622 3965 03
646 3908 753 3966 000003
777 3898 833 3963 1110
856 3952 861 3963 .
887 3900 942 3964 1110
959 3906 1007 3965 003
1029 3899 1085 3984 qui
1107 3923 1158 3964 me
1180 3898 1286 3983 diligit
1308 3949 1315 3962 .
1338 3899 1488 3984 diligetur
1510 3923 1529 3962 0

400 3993 490 4069 00300
518 4007 587 4049 meo
619 3990 651 4050 03
679 4008 740 4068 ego·
763 3984 892 4069 diligam
919 3984 1010 4048 illum
1033 3991 1065 4050 03
1087 3985 1249 4050 ostendam
1272 4009 1323 4049 me
1345 3985 1449 4071 ipsum
1471 3985 1528 4048 illi.

400 4081 434 4133 33
456 4069 546 4135 Dicit
575 4069 666 4135 iudas
693 4094 756 4135 non
784 4069 839 4134 ille
866 4070 1023 4135 scariotha
1050 4071 1113 4135 100
1141 4070 1217 4154 quid
1246 4070 1433 4136 estfactum
1456 4093 1530 4155 quo·

399 4155 486 4219 niam
520 4155 633 4240 incipis
667 4156 757 4221 uobis
790 4154 993 4220 manifestare
1026 4161 1058 4220 30
1091 4155 1195 4241 ipsum
1231 4163 1263 4222 03
1296 4180 1358 4220 000
1392 4156 1526 4221 saecule.

401 4252 435 4304 33
463 4239 555 4305 Dicit
581 4241 632 4304 ihs
662 4241 689 4306 01
717 4240 788 4324 quis
814 4263 865 4304 me
893 4240 998 4324 diligit
1029 4241 1161 4305 uerbum
1192 4265 1297 4306 meum
1325 4243 1465 4306 serbauit
1498 4251 1533 4306 03

400 4332 490 4409 00300
511 4349 601 4391 meus
625 4325 769 4411 diligebit
790 4326 880 4391 illum
905 4336 938 4390 03
959 4327 1043 4411 0001
1065 4326 1156 4390 illum
1180 4325 1307 4390 ueniam
1335 4331 1368 4391 et
1397 4328 1529 4391 mansio·

400 4435 472 4476 nem
496 4413 580 4497 apud
602 4431 674 4476 eum
698 4410 812 4476 faciam
847 4421 881 4474 34
903 4409 957 4496 qui
973 4435 1037 4476 non
1053 4411 1172 4496 dilig0it
1194 4435 1245 4475 me
1267 4412 1399 4476 uerbum
1422 4436 1530 4477 meum

400 4519 463 4562 non
492 4496 570 4562 facit
596 4498 728 4564 uerbum
750 4520 861 4581 *meum
891 4519 955 4561 000
983 4504 1031 4562 003
1062 4521 1168 4562 meum
1202 4496 1257 4561 sed
1291 4496 1360 4561 0100
1395 4498 1452 4582 qui
1478 4522 1532 4562 me
