3667 5284
299 445 328 498 G.
349 444 388 501 12.
409 443 450 496 13.
532 487 533 490 ,
831 442 895 495 Luc.
1279 519 1282 521 Δ
1385 431 1425 518 71

296 630 460 713 succinget
482 653 516 703 se
538 635 571 694 et
592 631 774 696 recumbere
797 652 849 694 eos
871 628 968 694 faciet
983 635 1015 694 et
1030 631 1163 696 transiet
1178 636 1210 696 et
1232 631 1426 697 ministrauit

296 716 363 785 ,44444
391 728 426 780 38
448 722 479 780 44
501 715 528 780 44
550 716 674 780 44114444
696 714 877 800 uespertina
898 715 1010 799 uigilia
1032 723 1064 780 et
1086 716 1248 780 inuenerit
1269 716 1315 780 sic
1329 715 1426 787 444444

298 801 375 886 quia
396 803 579 868 recumbere
601 823 653 866 eos
675 799 770 866 faciet
792 805 824 865 et
845 799 1040 866 ministrauit
1062 807 1095 866 44
1116 801 1144 866 44
1166 801 1200 865 in
1220 802 1357 866 secunda
1372 803 1427 866 uel
1460 881 1462 886 Α
1573 805 1575 809 ’

300 887 393 952 tertia
421 886 506 952 beati
536 894 629 951 eruut
657 885 714 950 illi.
760 897 794 951 38
827 885 900 950 Hoc
933 889 1039 950 autem
1072 885 1183 951 scitote
1217 886 1366 970 quoniam
1397 887 1425 958 si

298 971 394 1038 sciret
416 980 505 1058 114444
526 971 662 1037 familias
686 994 748 1055 qua
769 972 847 1035 hora
869 970 920 1034 fur
943 970 1032 1036 uenit
1053 995 1116 1036 non
1132 972 1252 1036 sineret
1272 971 1425 1057 perfodiri

299 1057 451 1144 parietem
479 1081 569 1123 suum
614 1067 649 1122 40
679 1063 711 1121 et
739 1079 795 1122 uos
824 1061 937 1120 444444
953 1055 1054 1140 parati
1081 1055 1157 1141 quia
1179 1079 1241 1142 qua
1263 1058 1340 1121 hora
1362 1081 1425 1122 non

219 1178 221 1184 v
300 1143 418 1230 putetis
446 1144 530 1208 filius
559 1142 695 1207 hominis
727 1142 825 1206 uenit.
869 1151 903 1204 41
931 1141 1027 1206 Dixit
1047 1148 1154 1207 autem
1176 1149 1283 1228 petrus
1306 1143 1368 1207 444
1391 1143 1425 1208 in

300 1252 356 1293 nos
379 1228 463 1293 dices
485 1226 726 1293 similitudinem
748 1226 841 1292 istam
863 1235 918 1292 444
941 1236 973 1292 44
994 1227 1034 1292 44
1056 1250 1165 1292 omnes
1207 1238 1242 1291 42
1269 1227 1351 1293 dixit
1372 1252 1425 1292 44-

300 1324 364 1380 tem
387 1313 458 1398 quis
479 1323 526 1378 est
549 1336 621 1398 ergo
643 1311 744 1377 fidelis
767 1313 969 1396 desponsator
995 1313 1132 1398 prudens
1155 1316 1187 1377 et
1207 1314 1308 1378 bonus
1330 1336 1426 1398 quem

265 1443 267 1447 -
300 1398 463 1464 constituit
489 1399 548 1462 dns
569 1399 669 1483 [super
700 1397 853 1462 familiam
877 1404 913 1462 44
936 1397 1103 1463 distribuat
1126 1398 1243 1463 cibaria
1265 1398 1425 1464 conseruis

298 1485 364 1550 suis
407 1494 440 1548 43
461 1486 571 1548 4144444
593 1507 703 1548 seruus
725 1483 779 1546 ille
802 1506 895 1569 quem
918 1483 1091 1548 adueniens
1115 1484 1174 1548 dns
1197 1483 1357 1548 inuenerit
1379 1483 1424 1550 sio

298 1569 467 1635 facientem
521 1579 556 1632 44
591 1567 666 1654 11444
699 1591 793 1653 super
821 1567 927 1632 omnia
959 1591 1040 1653 quae
1072 1575 1146 1633 sunt
1178 1568 1226 1632 illi
1255 1569 1425 1634 constituet

299 1655 388 1719 illum
433 1665 467 1719 45
498 1655 525 1719 si
556 1664 663 1718 autem
693 1652 810 1717 dixerit
836 1677 946 1718 seruus
972 1654 1026 1720 ille
1054 1652 1087 1717 in
1116 1654 1207 1719 corde
1234 1676 1291 1718 suo
1321 1655 1425 1720 tardat

299 1742 358 1805 dns
381 1763 470 1805 meus
493 1739 603 1810 uenire
626 1744 657 1804 et
680 1738 811 1823 incipiat
832 1744 995 1823 percutere
1015 1761 1130 1824 pueros
1151 1744 1183 1804 et
1196 1739 1317 1824 puellas
1340 1763 1426 1804 man·

299 1828 416 1891 ducans
448 1830 480 1889 et
512 1825 621 1889 bibens
654 1834 686 1890 et
716 1823 889 1888 inebriatur
917 1824 992 1889 ueni
1034 1834 1069 1888 46
1091 1831 1123 1890 44
1144 1824 1204 1888 dns
1227 1825 1295 1889 eius
1317 1825 1350 1888 in
1372 1825 1425 1895 die

298 1935 362 1996 qua
389 1934 452 1975 non
480 1921 586 1995 sperat
615 1915 646 1974 44
675 1909 708 1972 44
737 1911 815 1974 41414
844 1933 906 1994 qua
936 1909 1037 1974 nescit
1065 1919 1098 1975 et
1124 1909 1246 1975 diuidet
1274 1909 1364 1975 illum
1392 1920 1425 1976 et

299 2003 419 2083 partem
442 1996 529 2059 illius
551 2018 622 2059 oum
644 1993 823 2060 infidelibus
845 1999 941 2080 ponet
983 2004 1017 2059 47
1039 1994 1094 2060 ille
1116 2002 1222 2059 4444141
1244 2017 1354 2061 444444
1368 1995 1425 2081 qui

274 2079 277 2086 ’
300 2080 458 2164 cognoscit
480 2081 675 2146 uoluntatem
689 2132 691 2136 .
705 2079 758 2144 dni
781 2079 830 2144 sui
853 2086 969 2144 444411
993 2080 1132 2161 paruerit
1154 2081 1194 2144 ad
1221 2082 1416 2158 uoluntatem

300 2167 368 2232 eius
390 2165 555 2252 bapulauit
576 2165 719 2230 multum.
754 2175 788 2230 48
811 2165 866 2249 qui
888 2167 995 2230 autem
1017 2189 1079 2244 non
1102 2166 1283 2250 cognouerit
1298 2174 1330 2231 et
1345 2166 1425 2231 fece·

299 2252 341 2316 rit
370 2251 464 2335 digna
492 2251 591 2336 plagis
617 2250 781 2336 bapulauit
807 2250 915 2336 paucis
944 2301 950 2312 .
981 2251 1067 2316 omni
1094 2264 1199 2315 autem
1230 2251 1281 2316 cui
1314 2252 1422 2321 datum

299 2342 347 2402 est
373 2337 508 2402 multum
530 2337 600 2421 plus
621 2335 702 2422 petit
730 2337 768 2400 ab
796 2339 888 2400 4444
916 2337 967 2401 cui
996 2345 1028 2402 et
1055 2335 1108 2400 oui
1133 2335 1424 2402 commendauerint

288 2419 434 2487 'multum
457 2422 718 2507 1141141144444441
741 2444 786 2486 eo.
820 2431 854 2485 49
878 2421 1006 2486 44444444
1029 2423 1104 2507 quia
1125 2421 1231 2506 ignem
1254 2422 1330 2487 ueni
1352 2423 1422 2486 mit·
1446 2485 1451 2493 ,

297 2515 365 2571 4444
389 2507 420 2571 44
443 2512 567 2579 terrem.
602 2517 637 2571 50
660 2506 850 2592 baptismum
873 2515 980 2572 autem
1003 2508 1103 2571 habeo
1125 2508 1278 2592 baptizari
1301 2512 1333 2572 44
1349 2530 1423 2592 quo·

298 2593 390 2657 modo
419 2594 526 2658 turbor
556 2593 759 2677 quoadusque
786 2592 968 2676 perficiatur
1010 2604 1043 2656 51
1071 2593 1190 2678 putatis
1216 2594 1291 2676 quia
1312 2616 1422 2678 paoem

297 2681 405 2743 uenim
427 2677 562 2742 facerem
586 2701 648 2741 non
671 2677 739 2743 dico
763 2677 852 2741 uobis
874 2678 928 2742 sed
951 2677 1122 2742 diuisiones
1155 2679 1200 2742 ⁸52
1222 2683 1314 2743 erunt
1336 2678 1422 2742 enim

296 2764 408 2828 amodo
431 2764 462 2826 in
487 2787 550 2827 una
572 2762 605 2826 in
628 2763 719 2827 domo
735 2762 831 2826 diuisi
846 2762 986 2848 quinque
1001 2769 1064 2828 tres
1079 2763 1111 2826 in
1129 2763 1249 2828 duobus
1264 2773 1296 2828 et
1311 2764 1372 2828 duo
1388 2763 1422 2827 in

294 2850 398 2914 tribus
434 2859 467 2913 53
490 2848 671 2913 4444444441
693 2855 783 2933 pater
804 2871 897 2933 super
918 2848 1020 2913 filium
1042 2856 1075 2912 et
1092 2848 1177 2913 filius
1191 2871 1285 2934 super
1300 2857 1422 2933 patrem

298 2957 390 2999 suum
413 2933 572 3000 diuidetur
595 2987 601 2998 .
626 2933 740 2998 mulier
762 2956 856 3018 super
876 2932 975 2998 filiam
994 2940 1026 2998 44
1040 2933 1106 2998 filia
1127 2957 1221 3019 super
1242 2942 1374 2999 matrem
1389 2942 1422 2998 et

299 3041 404 3084 socrus
437 3042 529 3104 441144
562 3025 676 3083 nurum
710 3042 800 3083 suam
838 3026 870 3083 et
909 3043 1008 3083 nurus
1040 3041 1134 3105 441144
1166 3043 1296 3084 socrum·
1320 3043 1419 3085 suam.

299 3114 334 3168 54
365 3103 500 3168 Dicebat
533 3111 639 3168 autem
673 3108 704 3167 et
732 3101 831 3168 turbis
860 3127 932 3168 oum
959 3105 1104 3169 uideritis
1132 3106 1248 3169 nubem
1277 3104 1352 3169 oriri
1381 3106 1420 3169 ab

215 3251 217 3256 ,
298 3187 490 3254 occidentem
508 3189 657 3254 continuo
680 3189 783 3254 dicitis
805 3189 879 3273 quia
901 3189 1001 3255 imber
1023 3190 1112 3254 uenit
1133 3198 1166 3254 44
1187 3189 1232 3256 444
1253 3191 1289 3254 fit
1309 3245 1312 3248 .
1332 3201 1365 3254 55
1388 3197 1420 3260 44

296 3298 371 3340 44111
394 3273 850 3340 4444444444444441114441144111
874 3275 979 3340 dicitis
1002 3276 1076 3359 quia
1104 3281 1209 3339 aestus
1238 3275 1299 3339 erit
1321 3274 1420 3340 etita

297 3361 341 3425 fit.
387 3370 420 3423 56
442 3359 618 3444 Hypocrite
640 3359 754 3424 faciem
776 3359 855 3424 caeli
878 3368 910 3424 et
931 3365 1033 3424 terrae
1055 3360 1139 3425 scitis
1160 3361 1291 3444 probare
1307 3383 1420 3431 uerum

297 3453 424 3528 tempus
452 3444 626 3516 istud'non
653 3445 799 3530 probatis.
845 3456 877 3508 57
905 3445 982 3530 quid
1010 3452 1116 3510 autem
1139 3455 1170 3511 et
1192 3469 1210 3509 a
1233 3445 1321 3510 uobis
1343 3445 1420 3530 ipsis

226 3609 229 3615 1
298 3553 361 3600 nou
378 3529 524 3594 iudicatis
541 3529 573 3594 id
589 3531 672 3614 quod
689 3531 807 3599 iustum
828 3536 883 3596 444.
925 3542 959 3596 58
977 3529 1112 3614 Quando
1132 3530 1217 3594 enim
1235 3530 1325 3595 uadis
1348 3554 1420 3595 cum

296 3613 477 3680 aduersario
503 3623 558 3680 tuo
587 3615 626 3678 ad
653 3616 852 3701 magistratus
880 3617 913 3680 in
943 3617 996 3680 uia
1023 3616 1062 3680 da
1084 3639 1178 3702 opera
1199 3623 1236 3681 ut
1257 3616 1420 3681 discendas
1535 3632 1537 3637 '

297 3702 335 3765 ab
359 3724 395 3764 eo
418 3723 459 3764 ne
481 3699 561 3765 forte
583 3700 684 3765 tradat
705 3711 738 3766 te
760 3702 843 3787 apud
865 3701 1002 3766 iudicem
1018 3701 1168 3766 et·iudex
1191 3702 1292 3766 tradat
1313 3701 1420 3786 pigue-

297 3786 379 3850 rario
402 3795 434 3848 et
455 3785 651 3870 pignerarius
674 3785 774 3851 mittit
794 3796 827 3850 te
848 3787 882 3850 in
905 3787 1087 3852 custodiam.
1133 3798 1166 3851 59
1188 3786 1258 3852 4444
1280 3787 1339 3851 44414
1355 3810 1418 3850 444

297 3871 385 3935 exies
407 3870 482 3934 inde
505 3871 602 3935 donec
625 3872 734 3936 reddas
757 3871 965 3936 nouissimum
988 3873 1203 3956 quadrantem.

382 3956 485 4020 XIII.
530 3968 545 4019 1
568 3956 780 4022 Aduenerunt
802 3965 906 4021 4444111
931 3957 1058 4041 quidam
1079 3957 1132 4022 illo
1147 3958 1421 4043 tempore-adnun-

297 4041 413 4106 tiantes
436 4041 483 4106 illi
507 4041 545 4105 de
567 4042 709 4126 galilaeis
739 4065 871 4128 quorum
900 4065 1052 4125 sanguem
1079 4042 1195 4128 pilatus
1224 4043 1420 4108 commiscuit

296 4149 368 4191 cum
391 4126 551 4192 sacrificiis
573 4127 721 4213 ipsorum.
767 4139 784 4190 2
812 4129 856 4192 Et
883 4128 1074 4213 respondens
1104 4127 1185 4191 dixit
1211 4128 1274 4193 illis
1301 4128 1420 4214 putatis

299 4212 371 4295 quia
402 4211 456 4276 isti
486 4211 612 4295 galilaei
645 4236 739 4297 super
760 4236 868 4276 omnes
897 4213 1046 4297 galilaeos
1079 4213 1208 4277 fuerunt
1241 4219 1419 4298 peccatores

299 4297 447 4380 quoniam
468 4297 551 4382 passi
568 4305 641 4362 sunt
663 4299 740 4361 haec
783 4310 800 4362 3
823 4321 886 4362 non
908 4298 978 4362 dico
1001 4297 1086 4362 enim
1102 4298 1191 4362 uobis
1208 4349 1214 4360 .
1231 4297 1292 4362 nisi
1315 4299 1420 4382 paeni-

298 4381 429 4446 tentiam
453 4382 580 4466 egeritis
602 4405 710 4460 omnes
733 4381 777 4446 sic
799 4382 936 4468 perietis.
980 4393 998 4445 4
1027 4391 1083 4448 aut
1111 4383 1157 4446 illi
1180 4383 1308 4450 XVIII
1329 4383 1420 4447 milia

296 4490 391 4552 super
419 4489 497 4552 quos
526 4467 658 4534 caecidit
684 4475 786 4532 turres
815 4466 849 4532 411
872 4468 983 4532 44444111
1005 4472 1038 4533 44
1059 4467 1172 4532 4444444
1194 4491 1247 4532 444
1270 4518 1276 4531 .
1300 4468 1420 4553 putatis
