3667 5284
302 470 333 525 O.
351 471 375 524 2.
458 450 459 454 ¹
847 468 914 523 Luc.
1386 470 1428 533 53

303 660 494 725 hierusalem
518 658 570 723 cui
592 681 706 723 nomen
730 678 859 742 symeon
882 657 976 721 homo
998 655 1100 721 iustus
1122 662 1155 721 et
1176 656 1293 723 timens
1314 679 1428 743 expec-

305 747 370 811 rans
392 767 537 830 praecem
559 743 697 808 isdrahel
719 749 751 807 et
772 745 825 836 sps
848 748 915 806 erat
942 741 975 805 in
1002 763 1039 806 eo
1068 751 1202 808 sanctus.
1247 753 1281 807 26
1302 766 1429 828 respon-

304 853 374 894 sum
397 830 482 895 enim
505 837 667 914 acceperat
689 828 727 892 ab
750 844 810 912 spu
832 832 940 892 sancto
956 850 995 891 ne
1010 826 1134 892 uideret
1155 833 1288 893 mortem
1312 831 1427 914 quoad·

306 938 406 1001 usque
429 916 552 981 uideret
573 924 649 999 xpr'r'r
672 913 726 978 dni
762 923 796 976 27
830 913 920 976 uenit
952 917 1059 976 autem
1081 913 1113 976 in
1135 913 1195 998 sp1'1
1218 913 1252 977 in
1274 914 1429 999 templum

305 1007 337 1066 et
359 1025 429 1067 cum
453 1000 639 1065 inducerent
661 1005 806 1079 parentes
827 997 894 1060 ihm
922 1004 958 1062 ut
983 995 1124 1063 facerent
1138 999 1312 1063 secundum
1327 1002 1430 1081 legem

305 1110 361 1171 pro
389 1109 426 1151 eo
469 1097 504 1151 28
532 1089 565 1150 et
591 1085 657 1170 ipse
688 1082 809 1167 accepit
830 1105 903 1146 eum
926 1082 960 1147 in
982 1105 1095 1147 manus
1117 1106 1189 1148 suas
1212 1089 1243 1149 et
1264 1085 1429 1150 benedixit

305 1169 357 1237 dm
374 1176 406 1237 et
419 1173 542 1237 locutus
565 1174 620 1234 est.
665 1180 699 1234 23
721 1192 806 1233 nune
827 1167 968 1233 dismitte
989 1191 1116 1233 seruum
1138 1176 1230 1234 tuum
1245 1170 1307 1234 dne
1323 1193 1430 1235 secun·

305 1258 381 1322 dum
417 1258 550 1322 uerbum
581 1261 672 1319 tuum
706 1253 741 1319 in
774 1275 851 1340 pace
893 1265 929 1319 30
962 1253 1036 1338 quia
1069 1253 1219 1319 uiderunt
1250 1256 1333 1320 oculi
1366 1255 1429 1320 mei

305 1343 473 1408 salutarem
496 1349 586 1407 tuum
630 1352 664 1405 31
687 1339 770 1425 quod
791 1338 909 1425 parasti
932 1349 1005 1404 ante
1026 1337 1140 1404 faciem
1163 1340 1305 1405 omnium
1335 1364 1429 1427 popu·

304 1429 405 1492 lorum
449 1438 483 1492 32
504 1426 613 1490 lumen
635 1425 670 1490 in
691 1425 920 1490 reuelationem
946 1424 1109 1490 oculorum
1130 1424 1192 1490 sed
1219 1425 1351 1511 gloriam
1375 1449 1428 1512 po·

304 1514 371 1598 puli
393 1513 442 1578 tui
464 1511 611 1577 isdrahel.
656 1522 690 1579 33
712 1511 756 1574 Et
779 1517 846 1574 erat
867 1509 950 1574 iosef
969 1515 1001 1575 et
1023 1516 1125 1575 mater
1147 1511 1215 1575 eius
1237 1511 1430 1576 admirantes

230 1637 232 1644 s
304 1600 344 1663 de
366 1599 511 1663 omnibus
527 1619 608 1682 quae
623 1595 807 1661 dicebantur
822 1596 861 1660 de
877 1618 913 1660 ec
946 1605 981 1659 34
1003 1602 1035 1660 et
1053 1595 1217 1661 benedixit
1232 1619 1284 1662 eos
1299 1620 1430 1680 symeon

305 1688 337 1749 et
359 1684 441 1749 dixit
463 1687 502 1747 ad
524 1682 656 1746 mariam
679 1689 811 1745 matrem
835 1679 903 1745 eius
926 1703 996 1746 ecce
1023 1679 1075 1745 hic
1100 1681 1220 1765 positus
1243 1690 1290 1747 est
1312 1682 1346 1746 in
1368 1682 1430 1747 rui·

304 1792 379 1834 nam
406 1777 439 1834 et
465 1768 716 1834 resurrexionem
745 1766 916 1832 multorum
945 1765 978 1830 in
1007 1765 1144 1831 isdrahel
1177 1776 1210 1832 et
1238 1767 1271 1831 in
1304 1768 1430 1852 signum

305 1855 357 1920 cui
388 1851 623 1920 contradicitur.
675 1863 709 1916 35
740 1856 772 1916 et
805 1859 892 1916 tuam
926 1859 1032 1916 autem
1068 1851 1204 1916 animam
1241 1853 1431 1938 pertransiet

305 1941 410 2004 famea
431 1945 467 2004 ut
489 1938 689 2003 denudentur
710 1937 749 2001 de
772 1936 881 2001 multis
905 1937 1049 2001 cordibus
1071 1936 1285 2020 cogitationes.
1330 1950 1365 2003 36
1386 1939 1430 2003 Ε4

306 2025 368 2090 fuit
396 2047 480 2089 anna
507 2022 638 2109 profetis
666 2022 731 2087 filia
759 2020 866 2088 fanuel
893 2023 932 2088 de
960 2022 1044 2087 tribu
1072 2045 1142 2087 aser
1162 2024 1241 2088 haec
1269 2047 1431 2109 progressa

306 2109 416 2175 multis
438 2109 548 2175 diebus
571 2130 651 2194 quae
673 2107 757 2173 uixit
779 2130 850 2172 cum
873 2106 943 2172 uiro
966 2129 1022 2172 suo
1045 2107 1136 2172 annis
1158 2115 1246 2192 septe
1268 2109 1432 2194 auirgini-

308 2203 372 2261 tate
394 2218 451 2260 sua
494 2205 527 2258 37
551 2193 672 2279 etipsa
700 2193 798 2257 uidua
827 2215 980 2257 annorum
1009 2192 1226 2258 LXXXIIII
1255 2217 1337 2279 quae
1367 2217 1430 2259 non

307 2281 474 2346 recedebat
495 2303 514 2344 a
536 2281 654 2364 templo
676 2277 804 2343 ieiuniis
827 2284 858 2342 et
880 2277 1074 2344 orationibus
1096 2280 1237 2344 seruiens
1260 2283 1323 2345 dno
1340 2294 1431 2346 nocte

308 2371 339 2430 et
361 2366 412 2430 die
455 2377 490 2430 38
512 2371 544 2429 et
565 2364 634 2449 ipsa
654 2363 710 2428 illa
732 2364 809 2428 hora
830 2363 913 2428 adsit
936 2362 981 2428 eis
1003 2365 1231 2429 confitebantur
1253 2366 1292 2430 ad
1308 2366 1382 2430 dnr’n
1399 2375 1431 2431 04

306 2453 336 2516 10
360 2451 493 2515 uebatur
514 2450 553 2513 de
576 2472 612 2514 ec
635 2449 780 2515 omnibus
806 2448 1042 2533 expectantibus
1070 2450 1298 2515 redemtionem
1325 2452 1429 2515 hieru·

307 2474 412 2600 saieru-
459 2547 493 2599 39
515 2535 653 2600 Etcum
676 2533 881 2620 perfecissent
908 2534 1015 2598 omnia
1042 2536 1214 2600 secundum
1245 2536 1347 2620 legem
1376 2538 1430 2600 dni
1519 2594 1520 2597 ,

305 2619 424 2687 reuersi
447 2625 521 2685 sunt
535 2620 569 2683 in
583 2619 749 2705 galilaeam
765 2619 799 2684 in
814 2619 975 2684 ciuitatem
991 2622 1148 2685 nazareth.
1182 2632 1218 2686 40
1231 2645 1310 2706 puer
1324 2629 1431 2687 autem

305 2707 562 2772 corroborabatur
576 2706 774 2770 adcrescebat
785 2711 818 2770 et
828 2704 980 2790 implebat
995 2705 1150 2790 sapientia
1164 2714 1196 2772 et
1206 2708 1307 2791 gratia
1319 2708 1352 2771 di
1365 2716 1431 2772 erat

305 2814 400 2877 super
411 2791 510 2855 illum.
534 2801 568 2854 41
581 2797 613 2855 04
623 2790 712 2855 ibant
723 2798 868 2876 parentes
880 2790 949 2854 eius
960 2791 1127 2875 quodquod
1139 2794 1229 2857 annis
1240 2792 1430 2857 hierusalem

307 2878 345 2942 ad
361 2877 429 2942 dies
444 2875 575 2942 solomni
592 2877 736 2962 paschae.
769 2885 804 2939 42
818 2877 862 2940 Et
877 2899 948 2941 cum
964 2878 1066 2942 factus
1081 2885 1163 2942 esset
1177 2900 1329 2944 annorum
1346 2879 1429 2942 XII.

308 2962 515 3028 ascenderunt
534 2971 680 3047 parentes
699 2961 768 3026 eius
789 2962 995 3027 hierosolema
1016 2962 1167 3027 habentes
1186 2963 1278 3028 illum
1297 2978 1431 3028 secussm·

308 3049 382 3111 dum
395 3069 514 3111 morem
529 3070 585 3132 per
596 3046 680 3110 diem
696 3047 810 3112 festum
827 3069 1009 3130 azymorum
1031 3057 1065 3111 43
1077 3057 1108 3113 et
1124 3071 1194 3113 cum
1207 3049 1354 3114 fecissent
1364 3049 1431 3114 dies

309 3139 341 3198 et
368 3138 569 3198 reuerterunt
594 3131 746 3196 remansit
767 3131 819 3196 ihs
848 3132 1038 3196 hierusalem
1071 3147 1103 3198 et
1129 3157 1192 3199 non
1216 3144 1432 3219 cognouerunt

307 3224 454 3304 parentes
476 3217 544 3282 eius
586 3227 622 3280 44
643 3217 830 3283 arbitrantes
853 3240 923 3282 esse
938 3241 1011 3282 eum
1026 3218 1059 3282 in
1075 3219 1259 3284 comitatum
1274 3230 1432 3284 uenerunt

308 3308 414 3368 autem
441 3303 525 3366 domi
553 3309 586 3368 et
608 3302 811 3387 quaesierunt
833 3315 929 3368 eumcs
951 3304 1034 3368 inter
1061 3304 1254 3389 propinquos
1284 3314 1316 3370 et
1340 3312 1430 3370 notos

307 3399 342 3454 45
364 3410 427 3453 non
450 3387 653 3452 inuenientes
674 3388 793 3453 reuersi
816 3396 890 3452 sunt
910 3388 1122 3473 hierosolyma
1144 3399 1331 3474 quaerentes
1347 3413 1429 3455 eum.

307 3484 342 3538 46
374 3474 418 3538 Et
450 3472 568 3538 factum
602 3481 649 3538 est
681 3484 752 3558 post
782 3474 867 3538 diem
895 3474 1023 3538 tertium
1055 3474 1256 3555 inuenerunt
1276 3476 1366 3540 illum
1398 3477 1430 3539 in

307 3560 425 3644 templo
447 3559 609 3635 sedentem
632 3558 665 3622 in
688 3559 791 3624 medic
815 3558 1035 3642 magistrorum
1058 3560 1240 3625 audientem
1272 3569 1304 3626 et
1335 3561 1431 3625 inter·

307 3655 469 3728 rogantem
492 3643 564 3708 illos
607 3653 641 3707 47
664 3649 696 3708 04
717 3666 826 3709 omnes
849 3645 904 3728 qui
927 3645 1098 3710 audiebant
1112 3644 1347 3711 admirabantur
1361 3669 1431 3732 pru·

308 3729 447 3794 dentiam
471 3737 502 3794 et
524 3751 557 3793 os
581 3739 613 3793 et
634 3752 782 3815 responsa
824 3739 859 3795 48
881 3735 914 3793 et
936 3753 1007 3795 cum
1029 3729 1176 3795 uiderent
1191 3754 1263 3796 eum
1285 3732 1430 3797 admirati

307 3822 383 3880 sunt
404 3822 437 3880 et
458 3813 541 3878 dixit
562 3813 601 3877 ad
624 3813 715 3878 illum
736 3820 837 3879 mater
860 3814 928 3878 eius
958 3815 1002 3878 fili
1030 3816 1106 3900 quid
1134 3814 1237 3881 iecisti
1264 3817 1354 3883 nobis
1387 3818 1432 3882 sie

307 3924 380 3965 nam
404 3905 442 3964 et
457 3898 626 3984 propinqui
642 3900 689 3964 tui
706 3909 737 3964 et
752 3923 809 3983 ego
825 3900 966 3965 dolentes
988 3910 1015 3965 ‘t
1037 3900 1142 3966 tristes
1158 3901 1373 3986 quaesiuimus
1389 3909 1429 3967 te.

306 3995 341 4050 49
362 3985 407 4049 Et
429 3985 511 4049 dixit
533 3985 572 4049 ad
601 3984 672 4049 illos
702 3985 777 4070 quid
804 3985 924 4070 utique
946 3985 1143 4070 quaerebatis
1172 4011 1222 4051 me
1250 4011 1315 4052 non
1344 3988 1431 4053 scitis

307 4070 369 4157 ipsi
392 4072 467 4154 quia
490 4069 523 4134 in
545 4092 579 4134 re
595 4069 693 4155 patris
715 4070 779 4134 mei
801 4078 925 4155 oportet
945 4094 996 4134 me
1011 4094 1087 4137 esse.
1121 4082 1155 4136 50
1176 4072 1224 4136 illi
1245 4082 1352 4139 autem
1367 4097 1432 4138 non

308 4156 535 4221 intellexerunt
549 4156 681 4219 uerbum
697 4156 780 4240 quod
795 4155 858 4219 illis
873 4156 997 4220 locutus
1012 4164 1068 4222 est.
1113 4168 1146 4220 51
1168 4158 1212 4223 Ε4
1227 4182 1299 4223 curn
1314 4159 1431 4224 discen-

308 4241 404 4306 disset
426 4264 498 4306 curn
521 4240 585 4304 illis
607 4240 697 4306 uenit
719 4242 869 4306 nazareth
891 4248 924 4305 et
946 4241 1007 4306 fuit
1028 4242 1188 4308 subiectus
1214 4243 1278 4309 illis
1302 4299 1308 4311 .
1332 4252 1432 4308 mater

309 4333 414 4391 autem
444 4327 512 4392 eius
540 4327 746 4390 conseruabat
774 4327 880 4390 omnia
909 4328 1004 4392 uerba
1031 4329 1065 4392 in
1092 4329 1183 4394 corde
1209 4352 1274 4394 suo.
1319 4341 1353 4393 52
1380 4330 1431 4392 ihs

309 4419 414 4558 ἓιηθῃι
442 4411 624 4497 proficiebat
653 4417 755 4477 aetate
782 4426 815 4478 et
843 4411 999 4496 sapientia
1027 4421 1059 4480 et
1084 4413 1185 4498 gratia
1214 4415 1296 4501 apud
1324 4416 1376 4478 dm
1400 4427 1432 4478 et

332 4518 460 4562 ommes.
