3667 5284
422 453 463 516 76
925 450 976 504 Er.
995 466 1047 504 sec.
1455 451 1484 505 O.
1505 454 1546 505 16.

423 640 517 704 debes
540 640 604 706 dno
627 663 706 704 meo.
752 651 768 704 6
790 640 851 704 Ille
874 647 981 704 autem
1004 638 1086 704 dixit
1108 644 1234 704 centum
1265 639 1355 703 cados
1384 637 1446 702 olei
1468 638 1549 703 dixit

423 734 528 790 autem
557 724 664 810 accipe
694 723 902 808 chirografum
934 734 1025 788 tuum
1048 730 1079 789 et
1100 725 1175 789 sede
1197 735 1229 789 et
1250 724 1350 789 scribe
1373 724 1435 788 cito
1457 725 1548 808 qnin-

423 809 583 896 quaginta.
630 809 750 875 7dixit
771 817 877 875 autem
900 810 998 875 altero
1020 817 1057 874 tn
1088 815 1194 874 antem
1221 817 1374 894 quantum
1403 810 1496 874 debes
1518 819 1550 872 et

424 895 507 960 dixit
530 903 656 960 centurn
682 897 790 960 choros
813 895 941 960 tritici.
966 895 1011 960 ait
1041 895 1088 959 illi
1112 895 1218 981 accipe
1248 894 1435 978 cirografnm
1458 900 1549 959 tuum

424 987 455 1046 et
477 981 577 1067 scribe
600 981 767 1064 octoginta.
812 993 829 1045 8
858 982 930 1044 Dos
959 989 1066 1044 autem
1092 981 1234 1045 laudauit
1262 985 1397 1046 actorem
1429 979 1549 1044 iniusti·

424 1065 487 1130 tiae
510 1066 660 1150 quoniam
683 1067 854 1150 prudenter
876 1065 960 1130 fecit.
996 1064 1090 1129 Dixit
1111 1072 1217 1130 autem
1240 1066 1280 1130 ad
1302 1065 1456 1130 discentes
1478 1087 1550 1129 suos

423 1150 481 1217 filii
504 1151 620 1216 saeculi
644 1151 738 1216 huius
761 1151 978 1236 prudentiores
1000 1174 1094 1236 super
1115 1151 1196 1214 filios
1217 1151 1297 1216 lucis
1325 1152 1357 1215 in
1389 1151 1550 1215 saeculum

424 1237 502 1302 istut
525 1245 598 1301 sunt
641 1248 658 1300 9
681 1246 712 1301 θῖ
735 1259 791 1320 ego
814 1237 903 1301 uobis
920 1237 988 1300 dico
1005 1235 1099 1301 facite
1115 1234 1204 1301 uobis
1219 1236 1335 1300 amicos
1351 1237 1389 1300 de
1404 1258 1550 1300 momona

425 1322 603 1406 iniquitatis
634 1330 670 1386 ut
696 1345 767 1386 cum
798 1320 972 1386 defecerint
1001 1321 1090 1386 uobis
1111 1321 1266 1406 recipiant
1288 1344 1344 1386 uos
1367 1321 1401 1384 in
1423 1327 1551 1386 aeterna

425 1408 636 1472 tabernacula.
683 1418 716 1472 10
738 1405 804 1490 Qui
827 1407 928 1471 fidelis
950 1407 1050 1472 estin
1075 1406 1196 1471 modico
1219 1406 1305 1471 etin
1328 1407 1428 1470 multo
1450 1406 1551 1471 fidelis

424 1499 472 1558 θεῖ
497 1544 502 1556 .
527 1499 559 1556 θῖ
589 1491 644 1575 qui
675 1491 707 1555 in
739 1491 859 1556 modico
889 1490 1026 1557 iniustus
1056 1496 1132 1556 est.
1161 1500 1193 1557 et
1222 1492 1256 1556 in
1286 1493 1385 1556 multo
1415 1491 1551 1556 iniustus

425 1583 481 1643 est.
527 1590 557 1640 11
587 1577 622 1642 Si
653 1601 725 1661 ergo
754 1577 787 1641 in
820 1577 937 1642 iniusto
966 1601 1112 1642 mamona
1140 1577 1242 1641 fidelis
1270 1600 1332 1641 non
1355 1575 1445 1641 fuisti
1468 1577 1551 1661 qnod

424 1686 535 1729 uerum
560 1671 606 1728 est
629 1663 700 1746 quis
724 1663 858 1727 crederit
880 1662 978 1727 uobis.
1024 1673 1057 1725 12
1079 1672 1111 1726 θῖ
1132 1663 1159 1727 si
1182 1663 1216 1726 in
1238 1662 1341 1727 alieno
1362 1661 1465 1726 fidelis
1487 1685 1550 1726 non

425 1749 528 1814 fuistis
556 1749 639 1831 quod
667 1772 772 1812 meum
804 1759 851 1812 eet
882 1749 953 1832 quis
983 1748 1069 1812 dabit
1095 1747 1193 1812 uobis.
1238 1759 1272 1812 13
1304 1747 1408 1811 Nemo
1441 1770 1551 1812 seruus

425 1841 528 1920 potest
551 1834 671 1898 duobus
694 1832 830 1897 dominis
853 1833 972 1897 seruire
995 1838 1050 1897 aut
1072 1833 1157 1897 enim
1173 1857 1271 1896 unum
1288 1833 1354 1898 odit
1370 1844 1401 1896 θῖ
1417 1834 1552 1896 alterurn

425 1918 536 2003 diliget
561 1971 567 1982 .
591 1927 645 1984 ant
668 1918 723 1982 uni
745 1918 908 1983 adherebit
923 1929 955 1982 et
969 1919 1102 1982 alterum
1118 1923 1297 1982 contemnet·
1314 1969 1319 1980 .
1337 1942 1398 1983 non
1415 1923 1553 2003 potestes

426 2005 466 2068 (ῖό
494 2003 612 2068 seruire
643 2011 674 2068 ct
703 2027 865 2068 marronae.
912 2014 945 2066 14
978 2004 1162 2068 Audiebant
1194 2010 1300 2068 autem
1334 2004 1412 2068 haee
1446 2003 1552 2067 omnia

426 2089 584 2175 pharisaei
614 2089 668 2172 qui
699 2096 789 2154 erant
816 2088 1011 2174 cupidissimi
1041 2099 1072 2152 et
1101 2088 1280 2152 inridebant
1309 2112 1382 2152 eum
1432 2091 1465 2152 15
1499 2087 1553 2151 ille

426 2185 532 2239 autem
556 2175 637 2239 dixit
659 2174 698 2238 ad
720 2173 791 2239 illos
814 2198 870 2239 uos
893 2175 967 2239 estis
989 2174 1045 2259 qni
1066 2173 1242 2239 iustificatis
1264 2197 1321 2238 uos
1335 2174 1368 2237 in
1384 2179 1552 2258 conspectu

425 2259 590 2324 hominnm
614 2261 651 2322 ds
675 2265 780 2324 autem
804 2259 939 2326 dinoscit
961 2260 1053 2324 corda
1075 2268 1180 2325 uestra
1195 2260 1270 2343 quia
1285 2260 1368 2342 quod
1391 2260 1550 2323 excelsum

427 2350 475 2410 θεῖ
497 2345 530 2408 in
553 2345 734 2409 hominibus
757 2347 915 2409 execratio
939 2356 987 2409 est
1013 2351 1087 2409 ante
1116 2345 1168 2408 d1'1'1
1212 2356 1246 2408 16
1274 2345 1326 2408 lex
1352 2353 1384 2408 et
1412 2344 1552 2428 profetae

428 2429 549 2515 usqluel
573 2431 612 2494 ad
635 2430 803 2494 iohannem
821 2431 937 2494 exinde
956 2453 1087 2513 regnum
1111 2430 1142 2493 di
1164 2429 1370 2494 adnuntiatur
1392 2441 1423 2493 et
1445 2453 1550 2493 omnes

427 2516 460 2579 in
490 2540 564 2579 eum
591 2525 730 2580 conatur.
777 2527 809 2580 17
843 2515 967 2580 facilius
1000 2525 1049 2579 est
1081 2525 1188 2579 autem
1221 2515 1342 2579 caelum
1374 2524 1404 2577 et
1437 2519 1546 2578 terram

426 2601 560 2666 transire
592 2624 685 2684 quam
715 2600 793 2684 legis
820 2625 918 2664 unum
942 2600 1062 2686 apicem
1086 2624 1205 2686 capere.
1250 2599 1407 2664 180mnie
1430 2601 1546 2683 quire

427 2687 524 2751 mittit
545 2709 676 2750 uxorem
699 2709 787 2750 suam
811 2696 843 2751 et
865 2686 951 2752 drioit
973 2686 1067 2750 aliam
1089 2692 1257 2750 moecatur.
1302 2697 1334 2749 19
1355 2685 1458 2749 Homo
1480 2683 1546 2769 qui·

428 2771 498 2835 darn
531 2771 593 2836 fuit
621 2773 771 2836 honestus
799 2772 852 2856 qni
882 2772 1071 2835 induebatur
1099 2794 1270 2856 purpuram
1301 2779 1332 2835 et
1360 2772 1488 2854 byssum
1520 2777 1549 2834 et

428 2857 657 2921 iucundabatur
691 2855 818 2921 cottidie
849 2857 1022 2942 splendide.
1080 2867 1115 2920 20
1152 2879 1246 2939 egens
1267 2863 1386 2920 autem
1423 2855 1549 2940 quidam

428 2942 555 3006 nomine
585 2942 744 3006 eleazarus
771 2941 929 3026 proiectus
963 2948 1029 3006 erat
1056 2940 1094 3004 ad
1123 2941 1251 3005 ianuam
1278 2941 1372 3005 huius
1395 2941 1554 3005 ulceribus

429 3027 538 3112 plenus
582 3037 614 3090 21
650 3029 874 3112 concupiscens
908 3027 1041 3092 saturari
1075 3028 1113 3090 ab
1144 3027 1190 3092 eis
1219 3049 1299 3111 quae
1328 3027 1481 3090 cadebant
1514 3025 1553 3088 de

430 3135 569 3177 mensam
593 3111 702 3176 diuitis
725 3113 779 3176 sed
803 3122 834 3176 et
857 3135 950 3176 canes
973 3112 1144 3176 ueniebant
1158 3121 1190 3176 et
1205 3113 1405 3195 ablingebant
1420 3111 1553 3175 uulnera

429 3197 504 3262 eius.
550 3209 584 3260 22
615 3198 748 3262 Factum
777 3207 824 3262 est
852 3204 958 3263 autem
990 3198 1069 3262 mori
1100 3198 1227 3282 inopem
1255 3198 1344 3261 illum
1369 3204 1400 3261 et
1421 3197 1490 3261 tolli
1514 3197 1554 3260 ab

429 3283 548 3366 angelis
571 3283 604 3346 in
627 3284 715 3346 sinus
738 3284 872 3348 abrahae
896 3291 1037 3347 mortuus
1065 3289 1112 3348 est
1140 3291 1243 3347 autem
1273 3289 1304 3347 et
1332 3283 1422 3346 diues
1444 3283 1499 3346 ille
1521 3294 1553 3344 et

429 3368 571 3454 sepultus
601 3377 647 3432 θεῖ
677 3367 709 3431 in
740 3368 863 3433 inferno
907 3379 941 3432 23
974 3369 1084 3440 leuans
1111 3374 1215 3432 autern
1245 3369 1351 3432 oculos
1380 3391 1452 3432 suos
1481 3389 1552 3430 cum

429 3459 510 3518 esset
532 3453 565 3516 in
582 3453 746 3517 tormentis
771 3505 776 3515 .
802 3453 890 3518 uidet
912 3454 1061 3517 abraham
1084 3454 1122 3517 de
1144 3452 1315 3537 longinquo
1337 3463 1369 3517 et
1385 3454 1551 3517 eleazarum

428 3539 462 3603 in
485 3538 572 3602 sinus
596 3538 664 3602 eius
686 3539 934 3622 requiescentem
978 3549 1014 3602 24
1046 3537 1235 3602 exclamauit
1268 3547 1373 3602 autern
1406 3543 1438 3602 et
1471 3536 1554 3600 dixit

428 3631 518 3710 pater
540 3624 688 3688 abraham
710 3625 858 3688 miserere
882 3623 999 3688 meiat
1029 3623 1120 3688 mitte
1149 3625 1324 3688 eleazarum
1353 3629 1388 3688 ut
1416 3623 1563 3707 intingat.

429 3732 587 3773 summum
616 3708 708 3793 digiti
738 3709 787 3773 sui
816 3709 848 3772 in
879 3733 993 3792 aquarn
1021 3715 1057 3772 ut
1086 3708 1249 3792 refrigeret
1275 3709 1415 3792 lingnam
1449 3731 1575 3772 meam·

430 3794 504 3878 quia
526 3817 599 3858 uror
621 3794 653 3857 in
678 3795 803 3858 flamma
826 3795 895 3858 ista.
939 3805 974 3858 25
1000 3794 1164 3857 Abrabam
1186 3799 1291 3858 autem
1315 3794 1397 3858 dixit
1418 3795 1464 3857 fili
1487 3817 1550 3856 me·

429 3885 537 3943 mento
561 3879 709 3963 quoniam
732 3880 899 3966 percepisti
923 3881 1003 3944 bona
1031 3879 1063 3942 in
1092 3879 1159 3943 uita
1188 3889 1242 3943 tua
1266 3931 1270 3942 .
1296 3879 1418 3943 eleazar
1445 3886 1552 3943 autem

430 3965 512 4027 mala
534 3988 617 4029 nuno
640 3972 745 4028 autem
768 3964 820 4028 hic
843 3965 1053 4030 consolabitur
1076 4012 1083 4024 .
1106 3971 1141 4029 tu
1169 3972 1274 4028 autern
1304 3965 1413 4028 ureris.
1457 3975 1492 4028 26
1520 3969 1552 4028 θῖ

429 4073 522 4132 super
546 4049 606 4113 ista
628 4049 733 4113 omnia
755 4050 837 4115 inter
861 4073 916 4114 uos
947 4059 980 4115 et
1005 4072 1062 4113 nos
1094 4051 1190 4114 chaus
1217 4072 1349 4132 magnus
1372 4058 1475 4114 estut
1497 4049 1552 4132 qui

429 4135 542 4198 uolunt
564 4135 737 4218 transgredi
765 4135 803 4198 ad
832 4159 888 4200 uos
918 4159 981 4200 non
1007 4135 1146 4220 possunt
1169 4187 1174 4197 .
1198 4158 1301 4218 neque
1324 4135 1398 4199 inde
1420 4136 1552 4199 transire

428 4220 496 4284 hoc.
542 4230 575 4283 27
598 4219 693 4283 Dixit
715 4228 820 4284 autem
843 4244 917 4304 rogo
941 4230 972 4285 te
993 4223 1063 4280 pater
1084 4232 1120 4284 ut
1142 4219 1249 4284 mittas
1264 4221 1296 4283 in
1313 4221 1440 4284 domum
1455 4219 1552 4305 patris

430 4304 501 4369 mei.
547 4316 581 4369 28
610 4305 709 4369 habeo
740 4305 824 4368 enirn
855 4307 995 4390 quinque
1023 4305 1135 4370 fratres
1165 4310 1200 4369 ut
1222 4305 1405 4371 testificetur
1426 4305 1490 4370 illis
1512 4329 1552 4368 ne

429 4397 462 4454 et
494 4389 541 4453 illi
575 4391 705 4454 ueniant
738 4389 771 4454 in
804 4391 888 4455 huno
921 4392 1024 4455 locum
1054 4395 1293 4455 tormentorum.
1338 4402 1371 4455 29
1394 4390 1483 4455 Dicit
1505 4389 1552 4455 illi

428 4475 546 4540 habent
569 4499 698 4561 moysen
722 4486 753 4540 et
776 4474 911 4560 profetas
934 4477 1065 4540 audiant
1086 4475 1165 4540 illos.
1210 4487 1246 4540 30
1267 4476 1321 4542 ille
1343 4483 1448 4540 autem
1472 4474 1553 4541 dixit
