3667 5284
410 403 453 470 90
911 400 964 456 Er.
985 415 1037 455 sec.
1448 400 1477 455 O.
1496 404 1538 455 24.

410 590 463 657 hic
485 589 605 676 aliquid
627 591 816 656 manducare
859 600 894 654 42
914 596 947 655 44
968 595 1177 676 porrexerunt
1198 589 1246 654 illi
1269 589 1367 677 piscis
1389 589 1450 655 assi
1471 612 1539 675 par-

411 683 476 744 tem
498 682 530 741 et
552 675 674 762 accepit
696 698 801 740 coram
830 675 905 760 illis„
948 685 984 739 44
1016 684 1048 740 44
1082 674 1163 739 dixit
1195 675 1259 741 iliis
1292 675 1346 740 isti
1378 698 1540 741 sermones

371 781 372 790 ¹
411 785 489 848 quoa
519 762 642 827 locutus
668 785 738 826 sum
761 762 801 826 ad
821 784 879 826 uos
908 784 980 826 cum
1011 762 1114 825 adhuc
1143 783 1244 826 essem
1274 761 1437 828 uobiscum
1465 783 1539 844 quo-

410 848 497 913 niam
526 849 689 933 oportebat
721 845 887 933 adimpleri
913 845 1020 910 omnia
1047 869 1129 930 quaa
1158 846 1274 932 scripta
1299 854 1373 912 sunt
1403 847 1438 910 in
1468 847 1538 930 lege

410 933 512 1018 moysi
541 942 573 998 44
603 930 733 1018 profetis
765 940 799 997 44
824 931 953 1017 psalmis
983 932 1022 996 dc
1049 955 1110 996 me.
1154 941 1189 995 45
1217 940 1292 996 4444
1320 931 1446 1017 aperuit
1475 932 1539 997 illis

410 1042 539 1084 sensum
561 1035 594 1083 ut
616 1019 839 1102 intellegerent
860 1017 1030 1103 scripturas
1062 1027 1097 1081 46
1111 1023 1144 1082 et
1159 1016 1241 1082 dixit
1262 1015 1327 1082 illis
1348 1017 1423 1101 quia
1445 1016 1539 1104 scrip-

410 1110 478 1171 tum
502 1112 551 1170 444
571 1113 648 1189 xpm
670 1104 737 1189 pati
758 1125 921 1183 resurgere
942 1126 963 1167 a
985 1102 1117 1168 mortuis
1139 1104 1233 1167 tertia
1255 1102 1307 1168 die
1342 1112 1377 1167 47
1399 1110 1432 1167 44
1452 1124 1538 1187 prae-

411 1190 515 1256 dicare
544 1189 577 1253 in
608 1188 737 1253 nomine
766 1188 834 1253 eius
863 1188 1089 1274 paenitentiam
1117 1195 1150 1251 et
1181 1188 1313 1254 remissa
1338 1193 1537 1273 peccatorum

411 1299 511 1361 usque
540 1275 574 1338 in
597 1297 706 1339 omnes
728 1284 839 1358 gentes
861 1271 1017 1359 incipiens
1039 1275 1078 1337 ab
1104 1273 1308 1338 hierusalem·
1350 1284 1385 1339 48
1418 1279 1450 1338 44
1481 1296 1538 1338 444

411 1364 488 1426 estis
510 1368 606 1426 testes
628 1381 738 1424 eorum
774 1369 808 1424 49
824 1365 856 1424 44
877 1382 935 1444 ego
958 1360 1050 1424 mitto
1069 1359 1307 1445 promissionem
1324 1382 1427 1423 meam
1443 1381 1541 1445 super

410 1469 468 1512 uos
493 1495 499 1509 .
523 1447 602 1522 illud
625 1450 731 1510 autem
755 1445 863 1509 sedete
884 1444 917 1508 in
942 1444 1072 1510 ciuitate
1095 1445 1299 1530 quoadusque
1322 1445 1461 1509 induatis
1475 1444 1538 1508 uir·

410 1538 511 1598 tutem
540 1555 580 1595 ex
609 1532 682 1595 alto.
727 1541 762 1595 50
787 1529 946 1595 Produxit
974 1529 1166 1596 autemillis
1189 1530 1483 1612 quasibethaniam
1506 1536 1540 1594 et

410 1617 528 1682 lababit
549 1639 661 1680 manus
684 1639 756 1680 suas
780 1622 811 1680 et
832 1615 996 1680 benedixit
1017 1616 1097 1680 illos.
1131 1627 1164 1680 51
1188 1617 1231 1681 Ε4
1252 1615 1372 1681 factum
1395 1623 1443 1681 444
1465 1639 1538 1680 cum

410 1701 624 1768 benedixisset
646 1701 717 1766 illos
740 1700 883 1766 discessit
905 1702 944 1766 ab
966 1701 1030 1766 illis
1073 1713 1107 1766 52
1133 1711 1166 1765 44
1192 1702 1312 1767 reuersi
1333 1709 1408 1767 sunt
1435 1701 1538 1765 hieru-

410 1789 508 1854 salem
532 1809 604 1852 oum
625 1787 741 1871 gaudio
763 1809 877 1871 magno
911 1797 945 1850 53
968 1796 999 1853 et
1021 1793 1112 1852 erant
1133 1786 1166 1850 in
1189 1788 1307 1872 templo
1329 1810 1453 1872 semper
1474 1787 1539 1852 lau·

411 1874 521 1940 dantes
544 1873 605 1937 dm.

871 2184 1076 2191 *-

584 2432 880 2512 EUANGELIUM
907 2433 1143 2510 SECUNDUM
1169 2433 1368 2511 drusun.

496 2641 524 2704 Ι.
568 2651 604 2706 20
629 2677 671 2686 —-
693 2677 734 2686 -
757 2677 799 2686 -
826 2663 899 2704 cum
948 2651 981 2703 21
1016 2649 1047 2705 44
1079 2639 1294 2724 ingredientes
1325 2640 1537 2726 capharnaum

411 2725 561 2792 continuo
584 2725 717 2791 intrauit
739 2725 876 2790 sabbatis
899 2724 933 2788 in
955 2748 1115 2810 synagoga
1137 2732 1169 2791 et
1191 2726 1322 2815 docebat
1345 2748 1396 2790 eos
1438 2737 1473 2789 22
1506 2732 1539 2791 44

413 2811 649 2876 admirabantur
664 2834 757 2896 supcr
771 2811 944 2876 doctrinam
961 2810 1029 2875 eius
1044 2859 1051 2873 .
1068 2819 1136 2875 erat
1151 2810 1236 2875 enim
1251 2811 1365 2875 docens
1381 2834 1433 2876 444
1449 2817 1538 2896 quasi

410 2904 598 2995 potestatem
622 2897 740 2961 habens
763 2919 826 2960 non
849 2897 939 2981 quasi
962 2897 1082 2960 scribae
1109 2904 1141 2962 et
1168 2895 1303 2961 farisaei.
1347 2907 1381 2960 23
1403 2899 1448 2962 Et
1470 2907 1538 2962 erat

410 3006 444 3047 rn
467 3005 624 3080 synagoga
646 2983 739 3046 homo
756 2981 811 3066 qui
825 2983 961 3046 habebat
975 2991 1044 3066 spru
1060 2982 1258 3046 immundum
1276 3034 1281 3044 .
1300 2989 1332 3046 et
1347 2981 1538 3048 exclamauit
1623 3064 1625 3068 ἱ

410 3078 445 3132 24
459 3067 567 3132 dicens
590 3067 666 3151 quid
688 3068 778 3132 nobis
801 3073 832 3132 et
854 3066 911 3132 tibi
934 3066 991 3130 ihu
1014 3088 1168 3132 nazarene
1190 3066 1308 3132 uenisti
1330 3068 1461 3151 perdere
1476 3091 1537 3133 nos

411 3152 476 3218 scio
499 3157 522 3196 ‘⁰
546 3153 600 3237 qui
623 3152 665 3217 sis
688 3160 814 3217 sanctus
836 3153 877 3216 di.
923 3163 957 3216 25
985 3153 1031 3215 Et
1058 3153 1210 3238 corripuit
1231 3175 1304 3217 eum
1328 3155 1379 3216 ihs
1402 3163 1434 3218 et
1456 3152 1538 3218 dixit

411 3245 605 3304 ommutesce
628 3248 659 3303 44
681 3237 734 3303 exi
757 3238 795 3302 de
818 3237 947 3302 bomine
969 3243 1023 3322 spa
1046 3238 1218 3303 immunde.
1262 3249 1297 3302 26
1328 3247 1361 3302 44
1383 3237 1462 3304 exiit
1483 3243 1538 3324 sps

410 3323 591 3408 discarpens
614 3346 686 3387 eum
710 3333 742 3388 et
764 3324 955 3388 exclamauit
978 3345 1055 3388 uoce
1077 3347 1191 3406 magna
1213 3328 1245 3387 44
1266 3323 1409 3388 discessit
1428 3325 1537 3388 abillo

411 3421 445 3474 27
470 3415 502 3474 44
531 3409 747 3474 extimuerunt
777 3431 895 3474 omnes.
953 3409 996 3473 Et
1018 3410 1253 3473 admirabantur
1275 3418 1308 3474 44
1329 3409 1538 3494 exquirebant

411 3517 566 3578 quaenam
590 3501 672 3558 esset
694 3494 835 3558 doctrina
857 3496 935 3558 haec
958 3494 992 3558 in
1014 3494 1217 3578 potentabilis
1237 3500 1269 3559 et
1285 3497 1435 3577 quoniam
1449 3495 1537 3580 spiri-

408 3579 495 3645 tibus
518 3577 689 3644 immundis
711 3578 845 3664 imperat
867 3590 899 3644 et
921 3580 1094 3645 obaudiunt
1117 3579 1174 3643 illi.
1219 3590 1253 3644 28
1275 3591 1308 3644 44
1330 3579 1432 3645 exiuit
1453 3579 1537 3644 fama

409 3666 487 3730 haec
509 3664 682 3750 ubiquerin
704 3687 829 3730 omnem
852 3665 1166 3730 circumadiacentem
1182 3666 1343 3748 regionem
1358 3666 1535 3748 galilaeam.

409 3761 443 3814 29
466 3750 645 3814 Procedens
667 3755 777 3814 autem
798 3750 837 3815 da
860 3773 1019 3834 synagoga
1041 3752 1131 3816 uenit
1152 3751 1186 3814 in
1209 3751 1336 3837 domum
1359 3750 1490 3816 simonis
1505 3757 1537 3818 et

410 3836 546 3900 andreae
569 3859 640 3900 cum
662 3834 771 3900 iacobo
794 3844 826 3900 44
848 3835 985 3900 iohanne
1018 3847 1053 3902 30
1074 3837 1409 3900 adcumbebat‘autem
1431 3859 1537 3901 socrus

409 3920 541 3986 simonis
563 3919 745 3985 febricitans
769 3971 775 3982 .
793 3927 824 3986 44
840 3921 989 3985 continuo
1002 3921 1112 3986 dicunt
1123 3921 1169 3985 illi
1182 3922 1220 3986 de
1236 3945 1273 3986 ea
1294 3933 1328 3984 31
1341 3922 1536 3986 etaccedens

410 4006 549 4070 laebauit
578 4029 646 4069 eam
677 4014 787 4070 tenens
817 4030 946 4071 manum
977 4007 1044 4071 eius
1073 4015 1105 4070 et
1128 4007 1255 4072 demisit
1276 4007 1363 4070 illam
1387 4006 1482 4072 febris
1504 4015 1537 4072 et

384 4101 542 4175 'surgens
563 4091 747 4155 minitrabat
769 4091 808 4154 ei.
853 4103 887 4156 32
917 4091 1000 4156 Cum
1030 4100 1134 4157 autem
1165 4093 1210 4156 sol
1239 4092 1403 4157 occidisset
1425 4101 1457 4157 et
1482 4093 1535 4157 ad·

411 4176 555 4242 ferebant
583 4177 621 4240 ad
646 4199 718 4240 eum
742 4199 850 4241 omnes
873 4178 955 4242 male
978 4179 1128 4242 habentes
1152 4177 1247 4242 uariis
1269 4177 1504 4243 infirmitatibus
1528 4227 1535 4241 .

410 4269 520 4326 44444
544 4261 598 4346 qui
622 4262 788 4326 daemonia
810 4262 968 4327 habebant
991 4273 1023 4326 et
1045 4263 1178 4327 eiciebat
1193 4262 1248 4326 illa
1270 4264 1309 4326 ab
1331 4262 1397 4328 illis
1439 4275 1473 4328 33
1504 4269 1537 4328 44

412 4353 479 4412 4444
502 4352 567 4411 4444
590 4346 703 4412 ciuitas
726 4347 856 4431 collecta
885 4349 924 4412 ad
953 4348 1090 4413 ianuam.
1135 4358 1170 4412 34
1201 4358 1232 4412 44
1265 4348 1389 4412 curauit
1420 4350 1536 4413 multos

410 4433 493 4497 male
515 4433 667 4497 babentes
695 4432 792 4496 uariis
819 4433 1054 4498 infirmitatibus
1076 4439 1108 4498 44
1130 4433 1295 4497 daemonia
1317 4435 1417 4498 multa
1443 4434 1537 4499 eiecit
