3667 5284
290 488 324 542 O.
344 489 384 542 18.
806 487 906 544 Mater.
1402 491 1420 553 7

287 687 309 740 ·2
331 677 375 742 Et
397 675 525 741 uocauit
546 677 585 740 ad
608 697 641 741 se
657 675 707 740 ihs
724 673 878 739 infantem
901 698 1001 738 unum
1017 680 1049 739 et
1064 679 1142 739 statt
1157 675 1247 740 illum
1263 675 1296 740 iu
1313 675 1417 741 medio

293 785 412 827 eorum.
444 774 461 826 3
484 773 516 827 et
537 760 618 826 dixit
639 784 731 825 amen
755 760 823 824 dico
846 759 937 825 nobis
960 759 1164 845 quoadusque
1187 761 1418 826 conuertamini

293 856 326 912 et
347 846 471 913 fueritis
493 845 700 931 sicut'iufans
723 845 782 910 iste
796 867 866 908 ⁴non
890 844 1062 910 introibitis
1084 845 1118 909 in
1140 869 1237 930 regno
1260 846 1417 911 caelorum

287 933 522 1017 4quicumque
550 955 623 1016 ergo
651 929 869 995 humiliauerit
898 953 931 995 se
960 930 1042 995 sicut
1071 929 1176 994 infans
1205 931 1266 996 iste
1288 931 1340 995 hic
1370 939 1418 997 est
1469 966 1474 978 ·

293 1041 425 1102 magnus
447 1018 480 1082 in
502 1039 598 1100 regno
622 1016 779 1081 caelorum
822 1026 839 1079 5
862 1024 893 1080 et
908 1015 964 1099 qui
981 1015 1134 1101 receperit
1148 1015 1305 1081 infantem
1321 1016 1419 1082 talem

292 1102 326 1167 iu
359 1103 487 1172 nomine
519 1125 589 1166 meo
622 1125 673 1166 me
706 1101 826 1187 recipit,
881 1111 896 1162 6
923 1099 988 1185 Qui
1021 1108 1127 1166 autem
1156 1102 1418 1168 scandalizauerit

291 1212 391 1252 unum
420 1211 460 1252 ex
485 1187 610 1273 pusillis
637 1187 705 1252 istis
735 1186 790 1271 qui
809 1186 941 1250 credunt
964 1185 996 1250 in
1018 1209 1068 1250 me
1092 1236 1098 1248 .
1121 1187 1202 1252 utile
1230 1195 1278 1252 est
1305 1187 1353 1252 illi
1381 1195 1420 1252 ut

287 1273 502 1358 suspendatur
523 1273 607 1337 mola
629 1272 765 1337 asinaria
787 1271 821 1335 in
844 1272 960 1336 collum
989 1271 1057 1336 eius
1080 1279 1112 1337 et
1134 1271 1362 1357 praecipitetur
1383 1273 1417 1337 in

291 1357 481 1444 profundum
512 1357 606 1422 maris
650 1370 665 1422 7
695 1380 755 1421 uae
784 1356 901 1421 mundo
931 1357 970 1420 ab
998 1357 1153 1422 scandalis
1182 1409 1187 1420 .
1212 1381 1339 1422 necesse
1368 1365 1417 1424 est

291 1444 375 1508 enim
399 1445 546 1509 scandala
568 1443 678 1508 uenire
700 1451 920 1508 uerumtamen
943 1465 1004 1506 uae
1025 1442 1073 1507 illi
1096 1442 1218 1507 homini
1239 1465 1296 1528 per
1322 1467 1416 1529 quem

287 1530 472 1594 scandalum
497 1528 592 1594 uenit.
638 1527 714 1593 asi
737 1535 843 1592 autem
866 1549 979 1592 manue
1010 1534 1065 1592 tua
1096 1533 1152 1592 aut
1179 1550 1235 1612 pes
1263 1529 1415 1594 scandali·

217 1655 220 1659 -
287 1614 412 1679 nouerit
445 1624 477 1679 te
509 1622 639 1700 amputa
672 1613 752 1677 illud
781 1622 812 1677 et
842 1613 931 1678 abice
953 1613 1008 1677 abs
1036 1621 1068 1677 te
1099 1614 1215 1678 bonum
1249 1620 1300 1678 est
1329 1614 1416 1678 enirn

289 1700 415 1764 clodum
438 1707 493 1764 aut
519 1721 665 1764 mancum
696 1697 805 1763 uenire
836 1699 875 1762 ad
902 1697 1001 1762 uitam
1026 1721 1120 1782 quam
1144 1698 1221 1763 duos
1243 1699 1339 1784 pedes
1362 1709 1418 1764 aut

290 1808 402 1851 manus
418 1786 532 1850 habere
548 1793 580 1850 et
602 1784 685 1848 mitti
708 1784 741 1847 in
764 1783 942 1868 gehennam
964 1791 1125 1848 aeternam
1167 1796 1184 1848 9
1206 1792 1238 1849 11
1262 1783 1289 1849 si
1309 1786 1419 1850 oculus

291 1883 365 1935 tuus
387 1869 580 1935 scandalizat
601 1876 633 1934 te
656 1868 760 1932 exime
783 1891 856 1932 eum
879 1875 911 1932 et
934 1868 1023 1934 abice
1049 1870 1103 1933 abs
1125 1873 1157 1932 te
1179 1869 1309 1954 expedit
1330 1871 1416 1935 enim

285 1955 348 2020 tibi
364 1979 436 2021 cum
450 1978 514 2019 uno
529 1956 620 2020 oculo
635 1953 745 2018 uenire
760 1954 799 2018 ad
815 1955 914 2018 uitam
931 1977 1025 2038 quam
1036 1953 1114 2018 dnos
1126 1955 1232 2019 oculos
1246 1955 1416 2020 habentem

290 2040 374 2105 r'nitti
397 2041 431 2104 in
453 2040 559 2123 ignem
582 2047 755 2105 aeternum.
801 2050 835 2104 10
856 2039 963 2103 uidete
985 2061 1026 2102 ne
1049 2038 1229 2124 expernatis
1251 2064 1350 2104 unum
1375 2064 1416 2105 ex

287 2125 413 2210 pusillis
435 2125 504 2190 istis
527 2125 596 2190 dico
619 2125 705 2188 enim
726 2125 816 2189 uobis
830 2124 905 2210 quia
920 2124 1026 2208 angeli
1042 2146 1151 2189 eorum
1166 2125 1276 2211 uident
1291 2149 1416 2212 semper

290 2210 402 2275 faciem
425 2209 523 2296 patris
546 2210 608 2276 mei
631 2209 686 2294 qui
709 2209 741 2273 in
765 2210 859 2275 caelis
888 2218 944 2274 est.
990 2221 1023 2272 12
1053 2209 1139 2294 Quid
1169 2209 1258 2275 uobis
1287 2211 1416 2276 uidetur

285 2297 315 2360 si
338 2295 458 2360 fuerint
479 2295 575 2361 alicui
597 2295 718 2359 homini
741 2301 866 2360 centum
890 2318 966 2359 oues
983 2312 1016 2359 et
1030 2295 1183 2359 errauerit
1212 2319 1275 2360 una
1298 2296 1416 2361 exiliis

289 2404 353 2446 nou
376 2381 534 2465 relinquet
558 2433 564 2445 .
588 2380 661 2445 XO.
687 2388 718 2445 11
732 2381 858 2447 .VHII.
876 2380 909 2444 in
933 2379 1092 2445 montibus
1107 2385 1139 2444 et
1154 2381 1250 2445 uadet
1265 2404 1416 2466 quaerere

285 2491 359 2532 eam
381 2489 461 2552 quae
484 2465 647 2530 errauerit.
693 2478 725 2530 13
748 2476 780 2530 et
802 2466 829 2530 si
851 2465 949 2530 fuerit
971 2470 1006 2530 ut
1020 2465 1165 2530 inueniat
1181 2465 1267 2531 illam
1292 2512 1298 2529 .
1322 2490 1416 2532 amen

288 2553 357 2617 dico
380 2553 470 2616 uobis
493 2550 641 2635 quoniam
663 2551 780 2635 gaudet
807 2574 900 2637 super
923 2551 1024 2636 ipsam
1047 2550 1148 2635 magis
1171 2573 1266 2635 quam
1288 2575 1383 2637 super
1407 2601 1413 2615 .

285 2635 361 2703 XO.
386 2643 418 2702 et
442 2687 448 2699 .
466 2637 583 2704 VIIII.
604 2659 685 2720 quae
703 2659 765 2700 non
782 2646 962 2701 eraueruut.
1007 2647 1041 2699 14
1063 2637 1108 2701 ita
1125 2661 1188 2701 non
1204 2643 1252 2702 est
1267 2638 1415 2704 uoluntas

288 2733 361 2788 ante
389 2731 511 2808 patrem
541 2727 682 2786 uestrum
713 2721 769 2807 qui
798 2723 829 2785 in
863 2722 957 2787 caelis
980 2728 1028 2786 est
1050 2731 1085 2786 ut
1107 2727 1217 2807 pareat
1239 2736 1351 2786 uuu⁸m
1374 2747 1414 2788 ex

286 2807 412 2892 pusillis
434 2808 512 2873 istis.
559 2819 592 2872 15
615 2807 651 2874 Si
675 2818 781 2872 autem
804 2805 983 2892 peccauerit
1005 2807 1038 2870 in
1062 2815 1094 2872 te
1115 2807 1213 2872 frater
1234 2812 1310 2872 tuus
1331 2809 1414 2872 uude

286 2902 321 2956 et
343 2892 462 2978 corripe
485 2917 557 2957 eum
581 2893 664 2958 inter
693 2903 724 2958 te
756 2900 788 2958 11
820 2893 925 2978 ipsum
958 2893 1042 2956 solus
1066 2943 1072 2956 .
1097 2901 1129 2957 et
1161 2891 1188 2956 si
1216 2896 1249 2957 11
1278 2893 1415 2958 audierit

288 2977 427 3042 lucratus
461 3001 494 3042 es
524 2978 653 3042 fratrem
688 2983 787 3042 tuum.
845 2991 878 3042 16
910 2977 938 3043 si
971 2987 1077 3043 autem
1111 3001 1175 3042 non
1208 2978 1346 3043 audierit
1383 2988 1413 3044 te

287 3063 420 3126 adsume
443 3069 546 3126 tecum
570 3087 669 3127 unum
692 3069 747 3127 aut
769 3063 846 3128 dnos
868 3063 902 3126 in
925 3085 978 3127 ore
1001 3063 1087 3127 enim
1110 3062 1208 3127 duum
1232 3072 1287 3128 aut
1314 3063 1412 3128 trium

285 3146 417 3212 testium
444 3148 539 3212 stabit
566 3171 658 3213 omne
684 3149 818 3212 uerbum
871 3161 904 3213 17
927 3148 954 3214 si
976 3157 1083 3213 autem
1109 3149 1334 3234 contempserit
1359 3172 1413 3214 eos

288 3231 368 3296 dicis
395 3233 545 3296 ecclesiae
570 3233 597 3298 si
627 3233 788 3298 ecclesiam
824 3234 1047 3318 contempserit
1072 3233 1115 3298 sit
1141 3233 1200 3298 tibi
1222 3233 1313 3316 quasi
1334 3256 1413 3318 gens

285 3326 345 3380 aut
358 3316 552 3401 publicanus.
598 3330 631 3383 18
653 3319 759 3383 Amen
774 3318 843 3384 dico
859 3319 948 3384 uobis
964 3341 1181 3403 quaecumque
1204 3319 1413 3403 alligaueritis

289 3401 452 3466 interram
476 3408 567 3468 erunt
589 3403 684 3488 ligata
706 3403 792 3468 etin
821 3404 905 3468 caelo
931 3452 936 3467 .
962 3412 993 3469 et
1013 3426 1232 3488 quaecumque
1255 3404 1413 3470 solueritis

288 3487 322 3550 in
344 3493 428 3552 11111
450 3497 543 3552 erunt
564 3489 666 3553 soluta
689 3496 720 3553 et
742 3487 776 3552 in
799 3490 891 3553 caelo.
938 3501 970 3554 19
985 3489 1101 3553 iterum
1113 3490 1220 3554 audite
1235 3490 1304 3554 dico
1319 3490 1409 3554 uobis

284 3571 437 3657 quoniam
470 3573 496 3638 si
530 3574 650 3638 duobus
680 3597 719 3638 ex
749 3575 838 3638 uobis
867 3575 1009 3639 conuerit
1037 3573 1071 3637 in
1098 3581 1181 3639 11111
1208 3574 1246 3639 de
1269 3574 1355 3639 omni
1375 3599 1409 3639 re

284 3681 519 3742 quamcumque
547 3658 705 3744 petier'tis
732 3659 892 3743 continget
921 3660 1011 3725 uobis
1044 3683 1063 3722 a
1095 3671 1184 3744 patre
1207 3682 1277 3724 meo
1300 3659 1412 3744 quiin

285 3742 385 3808 caelis
406 3755 454 3808 est
488 3751 575 3810 2011
602 3745 791 3828 uirumque
825 3744 943 3810 fuerint
972 3745 1033 3808 duo
1063 3752 1118 3809 aut
1144 3753 1208 3809 tres
1230 3745 1354 3810 collecti
1377 3745 1410 3809 in

288 3828 417 3892 nomine
439 3852 508 3894 meo
532 3839 563 3895 et
585 3853 642 3912 ego
665 3852 737 3894 cum
760 3831 806 3893 eis
828 3852 906 3894 sum.
952 3841 985 3893 21
1009 3831 1100 3894 Tunc
1122 3829 1254 3895 accessit
1275 3831 1314 3894 ad
1337 3853 1410 3896 eum

287 3923 396 3998 petrus
418 3921 451 3978 et
472 3913 554 3978 dixit
576 3915 637 3978 dr're
660 3915 686 3979 si
708 3915 887 4000 peccauerit
907 3915 941 3979 in
965 3939 1016 3979 me
1038 3915 1134 3980 frater
1156 3938 1244 3980 meus
1267 3916 1413 4000 quotiens

284 3999 447 4063 remittam
474 3999 522 4063 illi
555 4023 653 4084 usque
686 4004 822 4085 spepties
876 4011 910 4063 22
937 4001 982 4065 ait
1008 4000 1073 4065 illis
1101 4001 1152 4063 ihs
1175 4024 1237 4065 non
1260 4000 1330 4066 dico
1352 4001 1411 4067 tibi

285 4083 404 4169 septies
426 4085 480 4149 sod
502 4084 683 4170 septuagies
705 4085 829 4170 septies.
875 4097 908 4150 23
931 4086 1066 4171 Propter
1087 4086 1147 4150 hoc
1168 4085 1341 4150 similatum
1364 4095 1413 4152 est

289 4192 420 4252 regnum
448 4171 606 4234 caelorum
638 4170 761 4235 homini
789 4170 856 4254 regi
885 4170 940 4255 qui
969 4173 1058 4236 uenit
1079 4170 1233 4236 rationem
1256 4172 1412 4236 deducere

285 4276 360 4318 curn
394 4256 493 4320 seruis
519 4255 593 4320 suis.
641 4265 677 4319 24
706 4260 737 4320 11
764 4278 834 4320 cum
862 4255 1017 4342 inciperet
1045 4256 1200 4322 rationem
1228 4275 1379 4340 quaerere
1404 4302 1411 4320 .

285 4339 410 4404 oblatus
433 4346 481 4405 est
502 4340 532 4404 ei
555 4339 677 4405 debitor
698 4341 806 4406 decem
828 4341 953 4406 milium
975 4342 1188 4407 thalentorum
1231 4353 1265 4406 25
1287 4349 1319 4406 11
1341 4366 1413 4407 cum

289 4445 351 4486 non
373 4425 503 4489 haberet
525 4427 608 4490 unde
630 4427 760 4491 reddere
782 4426 874 4492 iussit
896 4450 969 4491 eum
985 4427 1133 4492 dominus
1155 4449 1230 4492 suus
1252 4426 1363 4492 uenire
1380 4435 1412 4492 et

286 4530 420 4574 uxorem
452 4510 521 4576 eius
554 4518 586 4576 et
618 4511 699 4577 filios
733 4517 765 4578 et
797 4512 903 4577 omnia
934 4534 1015 4598 quae
1048 4513 1183 4578 habebat
1213 4564 1219 4576 .
1250 4521 1283 4576 et
1309 4512 1411 4577 reddi.
