3667 5284
940 485 985 541 1v

407 674 508 741 colore
530 680 678 760 argenteo
699 674 902 761 peculiariter
921 674 1098 742 uncialibus
1113 674 1243 761 scriptis.
1288 670 1413 740 Littera
1427 673 1528 740 iniens

407 760 560 844 cuiusque
585 760 708 847 paginae
735 761 918 848 pergrandis
947 766 995 827 est
1025 767 1115 826 extra
1145 760 1260 826 lineam
1284 760 1387 846 posita
1424 785 1528 846 qvam·

407 869 500 930 qvem
517 850 607 912 textu
622 870 684 912 non
701 845 858 912 distincto.
892 847 974 912 Haee
990 846 1118 912 nomina
1133 846 1363 912 tantummodo:
1387 846 1434 922 ds,
1458 847 1529 925 dns,

406 932 468 1008 ihs,
490 936 561 1017 xps,
584 937 637 1018 sps
660 953 730 997 oum
753 931 918 1020 declinatis
940 932 1042 998 colore
1065 954 1159 1002 aureo
1182 931 1400 1018 compendiose
1415 931 1530 1018 scripta

407 1027 499 1096 sunt;
527 1039 622 1083 aureo
646 1019 747 1084 colore
769 1040 892 1104 qvoqve
920 1017 1012 1084 initia
1038 1018 1273 1102 evangeliorum
1303 1017 1418 1104 scripta
1446 1024 1528 1084 sunt.

408 1103 557 1169 Exeunte
579 1125 673 1170 versu
694 1101 819 1169 litterae
836 1127 868 1168 m
890 1110 923 1169 et
944 1127 967 1167 n
988 1102 1105 1168 lineola
1126 1126 1220 1189 super
1241 1102 1357 1168 lineam
1380 1102 1529 1187 significa·

408 1194 468 1255 tur.
499 1187 731 1254 Tantummodo
747 1212 846 1254 unum
862 1187 988 1272 signum
1003 1186 1266 1270 interpunctionis
1281 1191 1301 1269 (.
1320 1193 1484 1273 punctum)
1499 1196 1530 1255 et

408 1296 477 1339 raro
500 1278 532 1339 et
547 1297 630 1360 saepe
645 1279 764 1341 temere
778 1278 965 1359 usurpatum
981 1279 1036 1340 est.
1082 1273 1288 1340 Oorrecturae
1303 1273 1344 1338 ali
1367 1282 1422 1339 uot
1437 1297 1531 1359 super

408 1358 525 1425 lineam
547 1358 616 1444 ipso
638 1357 764 1425 librario
786 1357 877 1426 factae
900 1363 974 1425 eunt
996 1362 1058 1439 (ex.
1073 1382 1118 1442 gr.
1140 1361 1323 1438 Mt.15,ee;
1346 1297 1404 1424 lic.
1428 1359 1529 1444 3.15);

408 1445 523 1510 litterae
553 1443 665 1510 deletae
698 1443 781 1511 binis
814 1446 941 1531 punctis
973 1444 1031 1509 sub
1063 1444 1148 1510 linea
1180 1444 1310 1529 signatae
1343 1449 1428 1523 sunt;
1463 1445 1531 1512 haec

409 1530 606 1616 panetariae
628 1528 662 1594 in
685 1529 823 1596 editione
845 1530 976 1595 reddere
997 1552 1061 1595 non
1082 1530 1180 1618 potui.

493 1613 620 1699 Lingva
641 1614 675 1679 in
697 1615 804 1681 codice
826 1615 921 1702 plene
951 1615 1090 1700 vulgaris
1116 1615 1204 1681 vitiis
1236 1615 1392 1681 scribendi
1424 1620 1529 1682 scatet.

409 1701 637 1765 Permutantur
667 1701 844 1786 promiscue
878 1723 968 1766 casus
1000 1700 1171 1767 accusativi
1205 1705 1237 1766 et
1270 1700 1399 1767 ablativi
1430 1704 1532 1781 (extra

412 1784 513 1860 vinea,
536 1808 592 1871 per
614 1808 757 1868 caverna,
782 1787 820 1864 de
842 1785 1021 1864 iohannem,
1049 1787 1088 1851 de
1110 1786 1251 1860 verbum,
1281 1810 1352 1851 oum
1375 1786 1530 1859 centensi·

411 1894 507 1949 mum,
542 1893 582 1936 cx
615 1869 708 1956 ipsoe,
732 1871 876 1936 invenies
898 1871 932 1936 in
955 1871 1055 1950 illum,
1079 1871 1190 1957 loquor
1212 1871 1245 1936 in
1267 1870 1529 1954 similitudinem);

410 1979 510 2040 genus
533 1957 697 2021 nominum
719 1979 803 2043 scope
825 1957 974 2022 mendose
988 1963 1158 2043 usurpatur
1171 1958 1230 2040 (ex.
1248 1981 1295 2042 gr:
1309 1980 1433 2022 omnem
1452 1958 1530 2035 olus,

411 2041 509 2107 alium
545 2041 737 2127 castellum);
779 2042 944 2107 nominum
980 2047 1013 2108 et
1048 2045 1215 2108 verborum
1259 2042 1331 2108 finis
1367 2042 1395 2107 is
1432 2049 1463 2108 et
1499 2066 1532 2108 es

411 2132 630 2214 permutantur
653 2127 744 2208 (civis
766 2151 822 2213 pro
845 2128 941 2210 cives,
965 2150 1073 2193 omnes
1095 2151 1151 2213 pro
1177 2128 1289 2200 omnis,
1323 2127 1445 2194 audites
1462 2142 1532 2214 ¹pro

412 2211 529 2278 auditis
544 2212 587 2299 pl.
605 2217 637 2278 et
650 2212 730 2279 rice'
741 2212 858 2298 versa);
882 2213 1006 2279 litterae
1021 2213 1086 2299 bp,
1102 2213 1123 2278 d
1137 2218 1159 2290 t,
1176 2236 1194 2276 e
1209 2212 1230 2289 i,
1246 2213 1257 2276 i
1272 2237 1293 2298 y
1308 2236 1390 2299 saepe
1412 2237 1533 2301 permu-

412 2305 520 2364 tantur
556 2297 664 2382 (nobes
696 2321 752 2384 pro
784 2298 890 2378 boves,
928 2299 1035 2364 vivam
1066 2321 1123 2384 pro
1153 2297 1268 2377 bibam,
1303 2299 1413 2384 capud,
1447 2307 1532 2385 aput,

412 2383 660 2470 presbiterium),
699 2407 817 2450 errores
850 2383 970 2468 magni
989 2407 1072 2469 saepe
1103 2383 1137 2447 in
1173 2384 1339 2449 verborum
1365 2385 1533 2471 scriptione

413 2474 578 2536 occurunt'
593 2471 647 2549 (at,
669 2476 705 2534 ut
726 2492 782 2554 pro
805 2469 857 2548 ait,
890 2469 937 2534 dit
966 2492 1022 2554 pro
1051 2469 1136 2547 dicit,
1170 2471 1229 2534 fiue
1262 2493 1318 2556 pro
1350 2469 1442 2545 filius,
1476 2493 1533 2553 ego

413 2578 469 2640 pro
485 2577 566 2639 ergo,
583 2556 698 2620 multos
713 2577 768 2639 pro
784 2559 896 2634 mutos,
920 2577 983 2620 non
998 2561 1053 2641 pro
1068 2577 1134 2630 nos,
1147 2577 1199 2620 cor
1213 2578 1268 2640 pro
1288 2561 1420 2641 corpus,
1431 2555 1533 2620 famen

413 2663 469 2726 pro
484 2639 612 2718 framea,
629 2640 714 2705 locus
729 2663 785 2726 pro
800 2640 934 2717 locutus,
950 2648 999 2704 tra
1012 2663 1069 2725 pro
1084 2645 1176 2719 terra,
1192 2639 1260 2706 face
1273 2663 1330 2725 pro
1345 2640 1448 2706 facere
1467 2640 1531 2726 pl).

499 2725 551 2790 Ex
574 2725 696 2790 mendis
718 2725 880 2811 scripturae
902 2726 960 2790 Mt.
986 2727 1116 2800 16,17:
1139 2726 1270 2790 uariana
1286 2727 1353 2812 (pro
1369 2725 1532 2809 bariona),

328 2843 331 2847 ·
413 2810 490 2876 Joh.
515 2811 624 2889 21,19:
648 2811 855 2876 honoraturus
878 2816 960 2876 esset
991 2835 1062 2876 eum
1096 2813 1164 2896 (pro
1196 2813 1268 2876 hon.
1304 2816 1386 2876 esset
1418 2811 1531 2886 deum).

415 2896 471 2961 Le.
501 2896 550 2975 17,
573 2897 627 2960 28:
663 2900 694 2961 et
715 2903 781 2962 tota
803 2895 938 2961 sodomis
960 2896 1029 2982 (pro
1052 2901 1084 2962 et
1104 2898 1150 2962 lot
1171 2919 1190 2960 a
1211 2896 1297 2978 sod).
1328 2897 1401 2961 Mr.
1425 2899 1455 2967 2,
1480 2899 1532 2961 12:

415 2979 622 3060 clarificarent
643 3004 716 3045 curn
739 2981 807 3066 (pro
830 2982 868 3046 cl.
892 2980 999 3062 deum)
1020 2986 1052 3047 et
1073 3005 1113 3046 ex
1135 2981 1205 3048 aliis
1220 2989 1350 3068 apparet
1364 2982 1502 3048 codicem
1516 3007 1535 3046 a

416 3065 565 3152 scriptore
586 3064 731 3152 imperito
745 3066 862 3151 lingvae
877 3066 984 3132 latinae
1000 3089 1041 3131 ex
1055 3090 1109 3133 ore
1123 3067 1270 3132 dictantis
1285 3067 1436 3154 scriptum
1457 3091 1533 3134 esse.

501 3151 608 3216 Verba
628 3174 729 3236 graeca
750 3151 869 3237 aliqvot
891 3151 1106 3238 reperiuntur:
1131 3155 1346 3237 cataclysmus,
1371 3159 1439 3220 cata
1459 3159 1535 3219 tem·

415 3259 474 3323 pus
489 3236 578 3316 (Joh.
595 3237 624 3313 3,
647 3236 689 3321 4),
706 3261 845 3302 eremum
861 3237 949 3322 (Luc.
966 3238 997 3317 4,
1014 3250 1044 3320 13
1068 3239 1094 3304 J
1095 3239 1143 3304 oh.
1168 3241 1198 3317 3,
1221 3238 1275 3323 23),
1297 3238 1534 3325 presbiterium,

416 3321 560 3388 similiter
574 3323 819 3390 constructiones
834 3323 983 3408 syntaxin
998 3325 1136 3407 graecam'
1147 3323 1307 3390 imitantes
1322 3348 1372 3389 ex.
1387 3348 1431 3409 gr.
1455 3325 1532 3389 Luc.

419 3409 550 3487 loru:
574 3406 692 3474 facturn
721 3416 768 3474 est
794 3415 899 3475 autem
933 3409 1013 3475 mori
1034 3409 1174 3496 inopem
1208 3410 1297 3474 illum
1331 3417 1363 3476 et
1395 3409 1463 3474 tolli
1496 3410 1534 3473 ab

418 3493 537 3578 angelis
560 3493 593 3558 in
616 3492 704 3559 sinus
726 3495 858 3560 abrahae.
1331 3528 1335 3532 “
1383 3529 1386 3531 Α

503 3578 612 3644 Oodex
633 3585 725 3646 antea
746 3580 798 3647 IV
824 3579 988 3660 evangelia
1017 3579 1173 3646 continuit
1201 3580 1309 3646 ordine
1360 3602 1430 3644 vem
1461 3579 1536 3644 Ter·

418 3663 568 3730 tullianus
583 3664 702 3730 laudat:
726 3665 839 3731 Matth.
855 3666 881 3732 J
882 3667 932 3730 ob.
949 3664 1110 3752 (apostoli),
1129 3665 1208 3730 Luc.
1226 3667 1321 3730 Marc.
1338 3603 1534 3751 depostolici);

418 3771 502 3814 nunc
523 3751 740 3815 tantummodo
758 3749 881 3816 circiter
896 3751 974 3815 duas
988 3756 1093 3837 partes
1108 3752 1262 3816 continet:
1286 3773 1326 3815 ex
1349 3773 1398 3815 er.
1421 3751 1534 3817 Matth.

420 3836 586 3916 12,4e.5o;
611 3835 660 3919 13,
674 3847 698 3899 1.
711 3847 736 3900 2.
749 3848 851 3901 s-13.
863 3846 989 3915 32-5r;
1017 3838 1064 3914 14,
1076 3836 1204 3912 22-24,
1221 3846 1269 3918 493
1292 3837 1342 3916 28,
1354 3846 1462 3915 2-203
1487 3860 1536 3902 ev.

417 3919 493 3990 Joh.
517 3925 628 3999 totum,
652 3921 792 4006 exceptis
816 3923 1002 4000 18,12-25;
1026 3946 1074 3988 er.
1097 3922 1176 3986 Luc.
1199 3927 1309 3998 totum,
1344 3922 1492 4006 exceptis:
1507 3923 1536 3995 8,

418 4007 740 4087 30—44;·11.4-24;
770 4029 810 4072 ex
839 4030 885 4072 ev.
919 4008 1015 4072 Marc.
1038 4009 1195 4087 ·1,21-4,
1216 4019 1251 4088 83
1273 4008 1456 4089 4,1e—‘6‚e;
1488 4008 1536 4084 12,

411 4101 543 4240 {tuem
580 4090 629 4170 13,
645 4101 731 4155 2:24·
746 4103 787 4157 26.
804 4101 848 4157 34.
863 4103 913 4176 353
948 4091 1072 4158 circiter
1094 4091 1187 4157 tertia
1209 4115 1280 4179 pars
1303 4091 1409 4177 itaque
1433 4094 1537 4178 deper-

440 4181 484 4242 ita
504 4182 673 4326 ppcodioe
695 4261 785 4348 plura
807 4261 876 4328 eius
904 4268 1032 4328 remotae
1061 4261 1163 4328 artatis
1184 4251 1301 4327 indicia
1323 4251 1536 4347 reperiuntur:

420 4345 501 4412 ordo
516 4347 759 4431 evangeliorum,
783 4347 902 4414 indoles
916 4346 1091 4433 peculiaris,
1109 4353 1223 4427 textus,
1238 4347 1338 4412 forma
1352 4348 1538 4426 litterarum,

420 4431 531 4497 raritas
552 4432 825 4519 interpunctionis,
847 4434 936 4498 nulla
958 4436 1141 4498 ornamenta
1167 4434 1328 4498 literarum
1357 4432 1538 4514 initialium,

419 4517 555 4586 brevitas
571 4518 833 4608 subscriptionum
850 4519 977 4586 nomina
989 4525 1113 4585 tantum
1124 4525 1286 4587 auctorum
1300 4519 1538 4598 continentium,
