3667 5284
292 495 324 548 G.
344 494 385 544 al.
750 547 751 550 Ἴ
808 487 908 542 Matth.
1210 526 1214 533 .
1378 489 1415 550 11

291 677 441 746 continuo
479 676 650 742 inuenietis
692 676 779 740 asina
813 675 942 760 alligata
972 684 1005 741 et
1033 675 1154 761 pullum
1185 673 1252 739 eius
1280 697 1352 738 cum
1381 697 1419 738 ea

292 763 406 830 soluite
429 770 461 827 et
483 763 629 827 adducite
650 761 738 825 mihi.
783 773 800 825 3
823 771 855 826 et
876 761 903 826 01
935 761 1006 846 quis
1035 760 1125 825 uobis
1154 759 1274 844 aliquid
1301 759 1418 824 dixerit

291 849 388 914 dieite
411 846 486 932 quia
508 850 570 912 dr'ro
593 870 671 934 opus
693 851 767 912 sunt
789 852 821 912 et
849 846 998 912 continuo
1029 845 1170 910 remittet
1200 867 1263 909 eos.
1306 855 1325 907 4
1345 845 1419 909 Hoe

292 939 397 999 autem
426 933 547 999 factum
576 943 623 999 est
649 941 685 997 ut
713 932 899 1018 impleretur
929 931 1011 1016 quod
1040 931 1159 996 dictum
1181 935 1249 994 erat
1270 952 1327 1015 per
1348 953 1416 1014 pro—

292 1018 390 1084 fetam
419 1019 584 1084 dicentem.
636 1029 652 1082 5
682 1041 754 1084 0000
783 1041 839 1082 rex
866 1025 940 1083 tuus
968 1015 1059 1081 uenit
1090 1015 1149 1081 tibi
1182 1015 1274 1080 mites
1305 1015 1418 1080 sedens

292 1127 387 1191 super
418 1104 537 1170 asinam
572 1109 603 1168 et
633 1103 756 1190 pullum
789 1103 857 1168 eius
890 1102 1063 1186 subiugale.
1109 1113 1125 1166 6
1159 1102 1281 1166 Εο0100
1311 1107 1418 1164 001010

293 1187 438 1274 discipuli
467 1189 609 1255 fecerunt
635 1188 716 1254 sicut
733 1187 898 1274 'praecepit
920 1187 983 1253 illis
1007 1189 1068 1251 ihs.
1114 1198 1129 1250 t
1156 1194 1189 1251 et
1217 1186 1418 1250 adduxerunt

291 1275 411 1341 asinam
435 1280 467 1338 et
488 1275 610 1359 pullum
633 1274 701 1338 eius
724 1282 756 1338 01
777 1273 985 1359 inposuerunt
1006 1294 1100 1357 super
1128 1294 1200 1335 enm
1229 1271 1419 1336 uestimenta

293 1367 325 1426 et
357 1360 483 1426 sedebat
513 1383 606 1446 super
636 1383 717 1424 00111.
770 1371 786 1423 8
813 1358 950 1445 plurima
978 1365 1082 1422 autem
1113 1359 1206 1422 turba
1237 1362 1419 1421 strauerunt

292 1446 482 1511 uestimenta
504 1445 538 1508 in
561 1445 615 1509 uia
638 1445 693 1508 alii
720 1452 827 1509 autem
857 1444 1029 1509 caedebant
1057 1465 1159 1507 ramos
1187 1443 1225 1507 de
1255 1441 1417 1506 arboribus

293 1537 325 1625 01
359 1536 539 1596 0110001001
572 1531 604 1594 in
639 1531 734 1594 uiam.
780 1541 796 1594 9
828 1530 938 1593 turbae
975 1537 1078 1594 autem
1115 1548 1196 1612 qnae
1227 1527 1419 1613 praebebant

289 1617 427 1682 clamant
460 1616 601 1682 dicentes
635 1667 641 1680 .
677 1638 811 1680 ossanna
841 1614 887 1677 fili
910 1614 1006 1679 dauid
1033 1614 1217 1678 benedictus
1246 1611 1300 1695 qui
1327 1613 1419 1678 uenit

291 1703 325 1766 in
347 1701 476 1767 nomine
499 1700 555 1764 diri
584 1723 718 1765 ossanna
740 1703 774 1763 in
797 1699 967 1764 altissimis.
1013 1711 1047 1763 10
1069 1699 1112 1763 Et
1135 1722 1205 1763 oum
1221 1697 1369 1763 intrasset
1383 1698 1417 1761 in

290 1787 532 1870 hierosolymam
563 1795 719 1851 commota
749 1791 795 1851 est
825 1785 974 1849 uniuersa
1001 1784 1113 1849 ciuitas
1142 1784 1250 1848 dicens
1277 1783 1348 1866 quis
1370 1794 1419 1847 est

171 1941 175 1949 .
291 1874 351 1937 hic.
397 1883 430 1935 11
453 1871 545 1936 multi
569 1878 675 1936 autem
698 1871 847 1936 dixerunt
869 1871 921 1934 hio
944 1876 992 1934 est
1017 1872 1077 1954 xps
1104 1868 1227 1955 profeta
1249 1891 1268 1932 a
1290 1877 1418 1934 nazaret

290 1957 434 2042 galileae.
480 1967 513 2020 12
534 1957 579 2021 Et
601 1956 734 2021 intrauit
760 1957 811 2020 ihs
838 1956 872 2019 in
887 1955 1040 2036 templum
1056 1955 1088 2018 di
1104 1960 1139 2018 et
1154 1953 1288 2018 eiciebat
1309 1952 1440 2018 omnes¹

291 2043 465 2107 uendentes
488 2047 519 2106 et
541 2047 681 2106 ementes
704 2042 736 2105 in
761 2042 913 2126 templum
936 2052 968 2105 et
988 2062 1112 2104 mensas
1133 2040 1417 2105 nummulariorum

292 2137 324 2192 et
353 2127 512 2193 columbas
540 2127 656 2192 evertit
685 2140 717 2192 et
745 2143 884 2210 categras
911 2149 1020 2190 eorum
1052 2125 1106 2210 qui
1135 2125 1286 2190 sedebant
1330 2137 1363 2190 13
1386 2135 1418 2191 et

291 2213 374 2277 dixit
396 2212 460 2276 illis
482 2213 632 2309 scriptum
649 2222 696 2278 est
711 2213 821 2277 domus
837 2235 907 2276 mea
923 2212 1034 2276 domus
1057 2209 1206 2275 orationis
1228 2210 1415 2275 uocabitur.

292 2321 348 2362 uos
371 2303 477 2362 autem
496 2297 615 2363 10010110
638 2298 726 2362 illam
748 2299 929 2383 speluncam
953 2297 1120 2362 latronum.
1165 2305 1200 2359 14
1219 2297 1264 2360 Et
1286 2319 1416 2362 accesse-

291 2388 365 2448 runt
387 2383 427 2447 ad
449 2406 522 2447 eum
545 2383 630 2449 caeci
653 2383 734 2448 clodi
757 2388 789 2447 et
811 2383 937 2448 sanauit
959 2405 1021 2447 eos.
1066 2393 1100 2445 15
1126 2382 1282 2446 Uidentes
1309 2390 1416 2446 autem

291 2468 449 2554 principes
472 2469 669 2534 sacerdotum
699 2476 731 2533 et
759 2468 879 2533 scribae
906 2467 1062 2532 mirabilia
1091 2490 1172 2551 quae
1201 2465 1277 2532 fecit
1305 2467 1356 2530 ihs
1385 2475 1418 2532 et

289 2576 404 2640 pueros
427 2554 597 2619 clamantes
624 2555 657 2618 in
688 2554 805 2640 templo
837 2559 868 2619 et
897 2553 1037 2618 dicentes
1064 2574 1198 2616 ossanna
1220 2552 1265 2616 fili
1290 2552 1415 2617 dauid.

290 2639 447 2723 indignati
468 2644 542 2704 sunt
564 2644 670 2704 autem
703 2651 737 2703 16
759 2646 791 2704 01
813 2639 964 2703 dixerunt
979 2636 1010 2702 ei
1026 2637 1115 2702 audis
1135 2637 1211 2722 quid
1229 2637 1282 2702 isti
1297 2638 1415 2703 dicunt.

289 2725 347 2790 Ias
371 2731 476 2789 autem
500 2724 582 2790 dixit
604 2725 667 2790 illis
690 2747 752 2789 non
774 2723 897 2810 legistis
920 2748 960 2788 ex
982 2747 1035 2787 ore
1057 2722 1228 2787 infantium
1249 2724 1415 2790 011001011-

290 2811 372 2874 11010
400 2809 560 2894 perfecisti
588 2811 715 2875 landem
737 2817 863 2897 propter
886 2809 1031 2873 inimicos
1054 2816 1133 2872 1000.
1179 2820 1211 2872 17
1234 2809 1278 2872 Et
1299 2809 1417 2874 relictis

291 2895 355 2958 illis
377 2895 455 2960 abiit
478 2901 567 2960 extra
590 2895 752 2960 ciuitatem
775 2894 958 2960 bethaniam
972 2893 1080 2978 ibique
1096 2895 1220 2958 mansit.
1266 2905 1299 2958 18
1321 2895 1417 2959 Mane

292 2987 398 3044 autem
424 2981 580 3044 transiens
612 2981 774 3046 ciuitatem
804 2980 914 3046 esuriit
958 2992 991 3044 19
1014 2990 1046 3044 01
1075 2978 1156 3043 uidit
1183 2980 1326 3044 arborem
1354 2982 1417 3044 ficu

292 3087 380 3129 secus
410 3065 496 3128 uiam
523 3070 554 3130 et
580 3065 670 3130 uenit
699 3067 738 3130 ad
767 3089 836 3130 eam
866 3071 897 3130 01
924 3065 1006 3129 nihil
1039 3065 1165 3129 inuenit
1193 3065 1227 3129 in
1254 3088 1325 3128 eam
1353 3065 1416 3129 nisi

291 3149 368 3215 10110
390 3154 512 3214 tantum
537 3202 542 3214 .
567 3155 599 3214 et
622 3151 666 3215 ait
689 3151 737 3214 illi
759 3173 934 3235 numquam
956 3174 997 3214 ex
1019 3161 1050 3214 te
1072 3149 1195 3214 fructus
1218 3160 1365 3214 nascatur
1380 3153 1415 3215 in

290 3233 518 3320 sempiternum
541 3241 572 3299 et
594 3235 731 3301 arefacta
753 3247 801 3301 est
824 3236 982 3301 continuo.
1027 3247 1063 3299 20
1089 3246 1121 3299 01
1148 3235 1293 3299 uidentes
1324 3235 1415 3300 disci·

291 3320 359 3404 puli
379 3319 485 3385 mirati
507 3328 580 3385 sunt
596 3320 735 3386 dicentes
751 3323 905 3405 quomodo
921 3323 1070 3386 continno
1086 3321 1178 3384 aruit.
1222 3332 1255 3383 21
1279 3321 1417 3406 Respon-

290 3406 368 3470 dens
391 3412 496 3470 autem
519 3405 570 3468 ihs
593 3405 638 3470 ait
665 3405 729 3471 illis
757 3431 847 3470 amen
872 3406 942 3471 dieo
966 3406 1055 3470 uobis
1077 3409 1104 3470 si
1126 3405 1299 3472 habueritis
1322 3407 1425 3471 fidem*

291 3498 407 3554 011100
429 3490 663 3556 haesitaueritis
685 3515 748 3556 non
778 3492 878 3569 solum
902 3492 941 3554 de
969 3494 1109 3555 ficurnea
1129 3490 1253 3556 10010110
1278 3541 1284 3552 .
1308 3493 1418 3557 sedet

290 3575 317 3640 si
348 3580 446 3642 monti
473 3575 618 3654 dixeritis
646 3577 722 3640 tolle
749 3584 782 3640 te
808 3584 840 3641 et
871 3576 954 3660 iacta
985 3587 1017 3640 te
1046 3577 1080 3639 in
1109 3600 1195 3640 mare
1220 3579 1283 3641 fiet.
1328 3589 1363 3641 22
1386 3586 1418 3643 01

290 3661 396 3726 omnia
418 3684 634 3747 quaecumque
656 3661 812 3747 petieritis
834 3663 869 3726 in
884 3661 1026 3726 oratione
1055 3662 1217 3726 eredentes
1244 3662 1415 3749 accipietis.

288 3756 324 3811 23
345 3748 390 3811 Et
411 3769 483 3811 cum
505 3747 645 3811 uenisset
666 3748 699 3810 in
723 3748 875 3832 templum
892 3756 1092 3812 accesserunt
1106 3747 1146 3811 ad
1162 3771 1234 3811 eum
1257 3749 1416 3834 principes

290 3832 485 3898 sacerdotum
508 3837 540 3896 et
562 3833 700 3897 seniores
722 3833 829 3919 populi
853 3833 993 3897 dicentes
1016 3831 1049 3895 in
1072 3855 1135 3917 qua
1162 3838 1317 3916 potestate
1339 3834 1416 3899 haec

290 3916 375 3983 faces
398 3923 430 3981 ct
452 3917 522 4002 quis
544 3916 602 3981 tibi
633 3917 720 3982 dedit
748 3919 830 3982 hanc
860 3917 1020 3983 uirtutem.
1066 3928 1101 3980 24
1129 3918 1335 4002 Respondens
1365 3919 1416 3982 ihs

289 4002 372 4068 dixit
400 4000 464 4067 illis
482 4003 649 4087 *interrogo
672 4026 729 4068 000
751 4011 784 4067 01
806 4026 863 4085 ego
886 4026 986 4066 unum
1009 4004 1141 4067 uerbum
1164 4003 1260 4068 dicite
1283 4004 1362 4068 mihi
1385 4017 1417 4069 et

289 4110 347 4172 ego
379 4087 469 4153 uobis
503 4087 605 4152 dicam
638 4087 670 4151 in
705 4110 767 4173 qua
798 4094 954 4173 potestate
983 4089 1061 4153 haec
1088 4087 1178 4153 10010.
1231 4100 1266 4153 25
1301 4089 1416 4175 baptis-

289 4196 377 4237 mum
393 4173 538 4237 iohannis
562 4173 645 4236 unde
668 4183 715 4238 est
737 4173 776 4237 de
799 4174 884 4238 caelo
914 4197 954 4237 an
985 4196 1024 4237 ex
1056 4173 1245 4239 hominibus.
1291 4175 1345 4238 Ad
1368 4175 1417 4238 illi

288 4258 446 4341 cogitabat
474 4258 557 4323 inter
577 4280 611 4324 se
634 4257 774 4323 dicentes
817 4270 851 4324 26
884 4257 911 4323 01
941 4258 1116 4324 dixerimus
1145 4260 1184 4323 de
1217 4260 1303 4325 caelo
1333 4259 1417 4324 dicet

290 4343 379 4407 uobis
402 4366 498 4428 quare
520 4366 583 4408 11011
606 4343 733 4408 creditis
756 4343 804 4407 illi
828 4393 834 4407 .
857 4343 885 4408 si
909 4352 1015 4409 autem
1037 4344 1211 4409 dixerimus
1227 4368 1266 4409 ex
1282 4345 1416 4409 homini·

290 4429 348 4493 bus
369 4427 517 4494 timemus
538 4429 663 4493 turbam
685 4451 793 4494 omnes
816 4429 901 4493 enim
925 4431 1042 4494 habent
1067 4453 1140 4494 eum
1155 4436 1235 4495 sicut
1250 4429 1415 4510 profetam.

288 4523 323 4576 27
346 4513 390 4579 Et
411 4514 636 4600 respondentes
658 4514 697 4578 ad
719 4513 786 4578 111111
810 4514 959 4580 dixerunt
982 4515 1149 4580 nescimus.
1194 4515 1254 4579 Ait
1276 4515 1339 4580 illis
1362 4516 1414 4579 ihs
