3667 5284
401 495 444 558 26
468 537 470 541 .
899 494 1019 548 116666.
1450 494 1481 548 O.
1500 499 1526 549 6.

402 679 483 746 dixit
511 681 551 744 ad
579 679 758 767 philippum
785 680 870 745 unde
897 679 1031 745 emimus
1060 703 1157 830 panes
1184 690 1220 746 61
1248 681 1439 755 manducent
1460 681 1523 748 isti.
1557 759 1560 765 1

398 777 417 830 6
440 765 575 831 Dicebat
597 775 702 832 661661
725 775 883 852 1616111666
905 790 977 830 6616
1001 765 1064 830 6616
1087 765 1227 832 6166116
1250 766 1317 847 ipse
1345 767 1421 852 quid
1444 776 1526 832 esset

400 850 549 916 facturus.
595 863 610 915 7
632 852 811 938 Respondit
832 851 994 937 philippus
1020 851 1127 916 dicens
1153 852 1355 916 docentorum
1382 852 1523 918 denario·

400 959 470 1001 rum
492 959 589 1022 panes
612 959 674 1000 non
697 937 858 1003 sufficiunt
879 936 943 1001 illis
965 945 1001 1000 ut
1023 936 1241 1022 uuusquisque
1264 937 1420 1002 modicum
1449 936 1526 1004 acci-

400 1021 476 1107 piat.
520 1034 538 1087 8
570 1022 665 1087 Dixit
698 1022 745 1086 illi
778 1039 869 1087 unus'
893 1022 932 1086 de
965 1021 1127 1108 discipulis
1159 1022 1227 1087 eius
1263 1023 1395 1088 audreas
1429 1023 1526 1087 frater

398 1107 530 1173 simonis
562 1107 653 1192 116111.
704 1121 720 1173 9
754 1117 801 1173 661
833 1107 885 1172 hic
917 1130 997 1192 puer
1028 1107 1083 1192 qui
1118 1108 1213 1172 hahet
1235 1107 1399 1192 qu(i)nque
1427 1130 1525 1193 panes

400 1191 552 1257 ordiaoios
575 1201 606 1257 61
627 1193 705 1258 duos
727 1192 896 1278 pisciculos
918 1193 972 1258 sed
1002 1193 1079 1276 quid
1107 1201 1181 1259 suut
1207 1196 1267 1258 ista
1293 1193 1377 1258 iuter
1405 1200 1525 1259 tantam

400 1279 533 1343 turbam.
579 1289 612 1342 10
640 1278 733 1343 Dixit
764 1300 837 1362 ergo
865 1278 916 1342 ihs
949 1277 1045 1344 facite
1076 1277 1219 1343 homiues
1248 1280 1429 1342 recumbere
1458 1287 1525 1343 erat

399 1371 505 1428 autern
528 1363 656 1428 laeuum
679 1365 815 1428 multum
837 1363 870 1428 in
892 1363 948 1428 illc
974 1364 1041 1429 loco
1065 1373 1098 1429 et
1120 1364 1331 1431 recubuerunt
1352 1364 1414 1428 uiri
1436 1364 1526 1450 quasi

398 1449 541 1533 quinque
563 1448 660 1514 milia.
706 1462 738 1513 11
762 1448 845 1514 Cum
867 1448 1042 1532 accepisset
1065 1471 1139 1533 ergo
1161 1471 1257 1534 panes
1285 1449 1337 1512 ihs
1364 1448 1527 1514 benedixit

282 1535 284 1540 ’
399 1541 432 1599 61
454 1533 541 1599 dedit
562 1533 724 1620 discipulis
746 1534 841 1600 suis.
870 1543 902 1600 et
929 1534 1075 1621 discipuli
1106 1534 1217 1599 darent
1244 1532 1525 1618 recumbentihlus)

399 1619 799 1718 6161111161611161116611166
815 1626 968 1718 quantum
984 1621 1162 1686 uoluerunt.
1208 1631 1241 1683 12
1262 1621 1307 1684 Et
1321 1619 1376 1684 ubi
1391 1621 1525 1685 saturati

398 1712 474 1770 sunt
495 1705 576 1769 drxrt
598 1705 759 1790 drscrpulrs
774 1708 839 1770 suis
855 1707 993 1789 colligite
1009 1729 1089 1791 quae
1103 1711 1333 1790 superauerunt
1348 1705 1524 1788 fragmenta

399 1815 440 1854 ne
471 1804 611 1875 pereant.
657 1803 690 1855 13
724 1790 923 1866 061Ῑὶ161661
955 1814 1028 1874 ergo
1062 1798 1093 1854 et
1126 1790 1341 1887 impleueruut
1373 1790 1524 1876 cophinos

399 1876 563 1941 duodecim
587 1876 625 1940 de
648 1875 778 1961 reliquis
800 1876 1047 1960 fragmentorum
1069 1876 1108 1940 de
1122 1899 1263 1962 quinque
1278 1876 1412 1962 panibus
1427 1875 1525 1940 ordia·
1636 1932 1643 1953 ,

396 1961 455 2026 6116
479 1984 559 2044 quae
580 1973 810 2046 superauerunt
825 1961 875 2026 his
890 1961 946 2047 qui
966 1962 1244 2026 manducauerunt.
1291 1972 1324 2025 15
1345 1963 1403 2026 lhs
1419 1969 1525 2026 autem
1624 2007 1628 2010 -

398 2045 502 2112 sciens
530 2047 606 2131 quia
639 2048 778 2130 cogitant
808 2069 918 2132 rapere
946 2047 1037 2110 illum
1064 2057 1100 2112 ut
1125 2047 1266 2112 16661661
1291 2071 1364 2112 6661
1386 2069 1493 2130 regem
1517 2098 1524 2110 .

398 2132 526 2198 secessit
552 2132 667 2197 iterum
699 2133 732 2196 in
760 2139 897 2197 montem
928 2131 996 2217 ipse
1025 2133 1117 2197 solus.
1164 2144 1196 2196 16
1219 2132 1297 2196 Sero
1324 2139 1525 2197 6616166661

399 2217 516 2282 1661616
540 2225 622 2282 66661
645 2217 866 2283 discenderunt
888 2217 1034 2302 discipuli
1056 2217 1125 2282 eius
1148 2218 1186 2282 ad
1210 2241 1305 2281 mare.
1351 2229 1383 2281 17
1406 2223 1525 2283 etcum

397 2303 612 2368 ascendissent
635 2326 748 2366 nauem
768 2303 1052 2368 transiretaueruut
1075 2309 1182 2369 contra
1203 2303 1237 2366 in
1259 2304 1470 2387 capharnaum
1493 2309 1525 2367 et

397 2412 471 2453 cum
492 2397 598 2453 essent
620 2390 767 2453 tenebrae
791 2438 797 2449 .
822 2393 853 2452 61
875 2388 1009 2453 necdum
1033 2393 1166 2453 uenerat
1187 2388 1225 2451 ad
1241 2411 1294 2452 eos
1308 2387 1360 2451 ihs
1390 2399 1423 2451 18
1437 2410 1524 2452 16616

398 2496 522 2558 quoque
545 2495 658 2556 magno
682 2480 777 2538 uento
801 2474 897 2537 flante
928 2474 1109 2557 exurgebat.
1155 2485 1187 2538 19
1210 2497 1281 2538 6661
1303 2473 1526 2558 processissent

398 2558 507 2642 itaque
529 2560 567 2622 ad
595 2557 711 2641 uiginti
743 2559 882 2644 quinque
912 2559 965 2622 uel
991 2558 1121 2642 triginta
1150 2559 1251 2624 stadia
1279 2559 1428 2622 uiderunt
1456 2558 1522 2622 ihm

397 2666 492 2728 supra
513 2667 599 2708 mare
621 2645 832 2709 ambulantem
856 2652 888 2708 61
910 2645 1002 2708 iuxta
1023 2668 1138 2708 nauem
1161 2644 1344 2708 uenientem
1368 2696 1374 2707 .
1398 2643 1522 2708 611116·

397 2736 521 2793 uerunt.
566 2741 601 2794 20
632 2729 693 2794 1116
727 2739 831 2794 autern
867 2729 950 2794 dixit
982 2729 1046 2794 illis
1079 2730 1178 2795 nolite
1212 2729 1325 2793 timere
1358 2751 1416 2811 ego
1443 2751 1522 2793 sum.

394 2825 429 2878 21
459 2837 529 2878 6616
564 2814 683 2880 6611661
716 2839 789 2898 ergo
818 2815 909 2879 illum
940 2815 1081 2900 accipere
1111 2815 1143 2878 in
1174 2838 1289 2879 nauem
1312 2814 1462 2879 continuo
1484 2813 1523 2877 ad

373 2909 510 2988 terram
542 2899 624 2964 16616
653 2911 699 2965 661
730 2899 820 2965 66616
849 2900 882 2964 16
910 2923 973 2984 qua
994 2899 1091 2964 ibant.
1139 2911 1173 2963 22
1201 2901 1315 2964 Altera
1337 2899 1389 2963 die
1411 2900 1523 2964 turbae

393 3008 477 3070 quae
499 2987 624 3050 stabant
645 2995 730 3050 trans
753 3009 839 3049 mare
861 3009 931 3050 cum
955 2985 1070 3051 scirent
1092 2989 1242 3068 quoniam
1264 2985 1326 3048 alia
1348 2986 1439 3049 nauis
1454 2985 1520 3049 11116

396 3093 459 3133 666
483 3069 544 3134 11111
566 3069 628 3134 6161
651 3070 816 3155 illaquam
838 3071 1047 3135 ascenderunt
1065 3070 1210 3156 discipuli
1230 3070 1299 3136 eius
1321 3079 1353 3135 61
1368 3070 1443 3155 quia
1458 3093 1520 3133 non

396 3155 610 3221 ascendiderat
632 3179 696 3220 uua
719 3180 789 3221 cum
812 3155 1005 3221 discentibus
1026 3156 1091 3221 suis
1114 3157 1165 3220 ihs
1187 3155 1221 3220 in
1243 3179 1357 3220 nauem
1385 3156 1439 3220 sed
1461 3154 1520 3219 soli

395 3240 540 3326 discipuli
564 3241 631 3306 eius
654 3241 797 3306 abierant
838 3253 872 3305 23
895 3248 1052 3306 66661661
1074 3240 1154 3305 61166
1176 3241 1343 3305 6661661116
1372 3241 1411 3306 de
1440 3241 1517 3305 tibe-

394 3327 480 3390 riade
503 3329 593 3391 iuxta
615 3327 718 3391 locum
741 3327 832 3390 illum
854 3327 909 3390 ubi
932 3327 1061 3391 ederant
1083 3349 1205 3411 panem.
1249 3337 1285 3390 24
1306 3325 1389 3392 Cum
1420 3324 1517 3389 uidis-

394 3420 465 3476 sent
487 3420 593 3476 autern
615 3413 725 3477 turbae
748 3412 822 3496 quia
845 3412 895 3476 ihs
918 3435 981 3476 666
1004 3422 1052 3476 661
1074 3411 1139 3475 11116
1161 3434 1266 3497 neque
1288 3410 1436 3496 discipuli
1451 3411 1519 3474 eius

392 3497 601 3562 ascenderunt
623 3498 787 3562 nauiculas
810 3508 842 3562 61
864 3506 1022 3562 66661661
1043 3498 1076 3561 16
1099 3498 1310 3582 capharnaum
1334 3500 1519 3581 quaerentes

394 3583 461 3645 ihm
504 3593 539 3646 25
567 3590 599 3647 61
629 3583 823 3647 1666661661
849 3606 922 3647 6616
950 3593 1036 3646 11666
1060 3605 1144 3646 16616
1168 3632 1174 3644 .
1199 3589 1231 3646 61
1254 3592 1331 3646 6661
1354 3581 1401 3645 1111
1428 3580 1517 3644 rabbi

391 3667 518 3752 quaudo
540 3668 599 3732 hoc
626 3667 750 3733 uenisti.
795 3679 829 3732 26
858 3668 1035 3752 Respondit
1061 3674 1167 3732 661661
1200 3667 1265 3731 11116
1291 3667 1343 3732 ihs
1372 3678 1405 3731 et
1435 3665 1519 3730 dixit

393 3776 484 3816 amen
508 3776 599 3816 6111611
623 3753 692 3818 dico
715 3752 804 3818 uobis
827 3755 985 3842 quaerites
1009 3777 1058 3816 me
1082 3775 1144 3817 non
1168 3753 1243 3838 quia
1271 3754 1362 3837 signa
1390 3750 1516 3816 uidistis

391 3837 447 3902 sed
470 3839 544 3921 quia
567 3838 605 3902 ds
628 3838 783 3922 panib(us)
806 3836 1018 3903 manducastis
1040 3844 1072 3902 61
1094 3838 1199 3903 6611611
1215 3839 1299 3903 estis.
1344 3849 1377 3901 27
1400 3835 1517 3922 Opera-

393 3922 472 3986 mini
501 3930 606 3987 autem
636 3947 699 3988 nou
729 3947 830 3988 666616
861 3947 942 4008 quae
965 3923 1047 4009 perit
1069 3925 1124 3988 sed
1147 3947 1250 3988 escam
1273 3946 1354 4008 quae
1376 3930 1518 3986 remanet

393 4008 425 4070 in
449 4007 547 4072 uitam
571 4014 729 4072 aeternam
753 4033 847 4094 quarn
874 4009 959 4073 filius
981 4009 1117 4074 hominis
1140 4010 1194 4074 dat·
1215 4010 1304 4073 uobis
1326 4009 1411 4072 huno
1433 4011 1516 4072 euim

393 4100 482 4178 pater·
514 4093 653 4176 signauit
688 4095 724 4158 ds
779 4106 813 4159 28
846 4094 1008 4159 Dixerunt
1040 4117 1113 4178 ergo
1146 4095 1185 4158 ad
1215 4117 1287 4159 eum
1314 4092 1419 4157 iudaei
1441 4091 1517 4176 quid

392 4177 543 4242 faciemus
571 4187 606 4242 61
635 4202 800 4263 operemur
828 4203 923 4264 opera
952 4181 992 4242 di.
1044 4191 1078 4244 29
1108 4179 1286 4264 Respondit
1307 4180 1358 4242 ihs
1382 4190 1413 4242 et
1435 4176 1517 4240 dixit

393 4264 456 4326 illis
488 4264 547 4328 hoo
577 4271 625 4328 661
657 4287 736 4350 opus
769 4265 799 4328 di
831 4276 866 4329 61
905 4265 1039 4330 credatis
1067 4265 1100 4328 in
1130 4289 1202 4329 eum
1226 4288 1318 4349 quem
1341 4265 1397 4327 ille
1419 4260 1514 4325 misit.

391 4361 426 4413 30
447 4348 553 4413 Aiunt
575 4349 622 4412 illi
644 4350 728 4434 quod
750 4373 822 4434 ergo
845 4355 880 4414 tu
904 4349 981 4414 16616
1004 4350 1127 4434 signum
1151 4360 1188 4414 ut
1209 4351 1374 4414 uideamus
1396 4360 1429 4411 et
1451 4369 1515 4411 cre·

392 4435 502 4499 damus
524 4434 582 4499 tibi
610 4436 686 4518 quid
708 4435 846 4521 operaris
877 4446 910 4499 31
934 4444 1039 4520 patres
1061 4436 1159 4500 nostri
1182 4457 1329 4499 mannam
1348 4432 1515 4497 manduca-

391 4529 506 4584 uerunt
528 4520 561 4583 in
585 4519 715 4584 deserto.
762 4520 853 4586 Sicut
876 4520 1026 4606 scriptum
1050 4529 1097 4584 est
1118 4543 1232 4600 panem
1255 4520 1293 4585 de
1317 4519 1404 4584 caelo
1427 4517 1515 4582 dedit
