3667 5284
321 483 354 536 0.
376 487 399 536 7.
826 482 877 536 nv.
898 474 951 535 sec.
1408 479 1453 546 29

323 670 508 737 interficere.
552 680 585 734 21
618 669 796 755 Respondit
828 676 860 734 et
890 669 973 733 dixit
1001 667 1053 734 ihs
1085 692 1184 733 unum
1217 691 1296 754 opus
1324 667 1384 734 feci
1418 675 1452 733 et

271 805 273 810 ,
321 779 432 820 omnes
465 754 632 819 miramini.
688 766 722 818 22
763 759 889 841 propter
923 756 983 820 hoc
1006 777 1056 818 22
1081 777 1129 819 222
1159 754 1246 819 dedit
1272 754 1363 819 uobis
1395 754 1452 820 oir-

322 841 547 906 cumoisionem
568 863 632 905 non
654 840 729 925 quia
751 865 769 905 a
793 863 922 924 moysen
945 779 1079 904 estsed
1092 863 1110 903 a
1133 839 1273 924 patribus
1295 849 1328 906 et
1342 841 1450 905 sabba·

324 928 365 991 tis
380 925 603 992 circumciditis
618 927 787 990 hominem.
832 936 866 989 23
889 924 925 990 Si
941 924 1211 991 circumcisionem
1227 924 1342 1010 accipit
1356 927 1450 991 homo

323 1012 357 1075 in
380 1013 508 1077 sabbato
529 1034 570 1075 ne
591 1012 732 1076 soluatur
753 1011 806 1076 lex
822 1011 923 1096 moysi
940 1010 1019 1074 mihi
1033 1010 1242 1095 indignamini
1260 1012 1334 1095 quia
1349 1018 1450 1075 totum

323 1096 484 1161 hominem
507 1119 617 1161 sanum
639 1095 700 1160 feci
724 1097 869 1162 sabbatis.
914 1105 949 1159 24
971 1095 1070 1161 221122
1084 1095 1224 1159 iudicare
1246 1096 1452 1181 personaliter

322 1183 378 1247 sed
404 1181 524 1246 iustum
551 1180 705 1246 iudicium
733 1181 881 1246 iudicate.
927 1191 961 1246 25
990 1180 1136 1245 dicebant
1164 1204 1237 1265 ergo
1259 1181 1388 1266 quidam
1411 1182 1451 1245 (12

323 1265 611 1352 hierosolymitibus
646 1291 752 1332 nonne
789 1267 841 1332 hic
875 1274 923 1331 222
951 1290 1046 1351 quem
1077 1275 1234 1352 quaerunt
1264 1267 1449 1331 interficere.

321 1364 357 1417 26
379 1359 411 1417 22
432 1375 505 1417 2222
528 1354 680 1416 audenter
702 1351 843 1436 loquitur
864 1358 897 1416 et
915 1351 996 1416 nihil
1017 1351 1065 1416 illi
1081 1351 1192 1417 dicunt
1206 1351 1360 1437 numquid
1375 1374 1452 1417 uere

323 1445 538 1521 cognouerunt
559 1437 719 1522 principes
741 1437 816 1523 quia
838 1437 906 1522 ipse
929 1443 977 1502 222
998 1441 1058 1523 222
1102 1448 1135 1500 27
1162 1438 1216 1501 sed
1249 1438 1335 1502 hunc
1364 1437 1451 1518 noui·

323 1546 393 1587 mus
415 1523 499 1587 unde
521 1522 562 1588 sit
585 1571 592 1584 .
616 1528 677 1608 xps
701 1547 772 1587 oum
796 1521 920 1587 uenerit
942 1545 1033 1587 2222
1056 1522 1115 1587 2212
1130 1522 1214 1586 2212
1229 1523 1279 1587 sit.
1324 1535 1358 1587 23
1380 1521 1452 1587 Gla-

323 1609 429 1673 mabat
450 1631 523 1692 ergo
546 1608 596 1671 ihs
620 1609 652 1672 in
682 1609 799 1693 templo
827 1608 941 1672 docens
971 1616 1004 1672 22
1031 1607 1138 1672 dicens
1167 1618 1199 1672 22
1224 1631 1275 1671 22
1297 1608 1396 1673 222212
1418 1614 1452 1674 22

321 1693 409 1758 scitis
432 1694 516 1758 unde
537 1693 598 1758 sim
621 1703 652 1757 et
674 1716 692 1757 2
714 1716 765 1757 22
788 1716 850 1757 222
873 1693 946 1757 2221
970 1693 1025 1758 221
1045 1699 1092 1757 222
1116 1715 1211 1758 uerus
1225 1692 1280 1778 qui
1296 1717 1346 1758 me
1362 1693 1450 1758 misit

320 1801 417 1864 quern
440 1802 497 1843 uos
519 1802 581 1843 non
604 1778 703 1843 nostis
746 1789 780 1843 29
802 1801 859 1863 ego
882 1778 958 1842 noui
981 1802 1052 1843 eum
1077 1778 1225 1862 quoniam
1247 1779 1331 1864 apud
1359 1780 1449 1844 illum
1536 1812 1544 1830 ·

320 1887 393 1929 sum
416 1872 448 1928 et
470 1865 538 1949 ipse
560 1885 611 1926 me
639 1864 752 1952 misit.¹
779 1875 814 1928 30
841 1862 1044 1947 Quaerebant
1074 1887 1147 1947 ergo
1176 1865 1450 1948 conpraehendere

323 1973 396 2013 222
419 1954 451 2014 22
472 1972 565 2013 2222
588 1948 674 2013 misit
696 1950 735 2013 ad
759 1973 830 2015 222
855 1971 966 2013 22222
990 1949 1139 2033 quoniam
1161 1949 1302 2013 nondum
1319 1956 1450 2014 uenerat

324 2035 483 2098 horacius
536 2046 569 2098 31
590 2033 629 2098 (12
650 2036 742 2099 turba
763 2043 868 2099 autem
903 2033 996 2098 multi
1029 2034 1228 2100 crediderunt
1258 2034 1292 2098 in
1321 2059 1395 2099 eum
1418 2044 1451 2100 et

324 2120 470 2185 dicebant
498 2125 557 2204 xps
586 2141 657 2184 oum
682 2120 807 2184 uenerit
835 2119 991 2204 numquid
1013 2120 1105 2205 plura
1126 2118 1216 2204 signa
1238 2119 1332 2185 faciet
1354 2143 1448 2206 quam

325 2227 405 2289 quae
439 2205 497 2269 iste
526 2204 611 2270 facit.
661 2216 696 2270 32
723 2204 906 2270 Audierunt
936 2213 1043 2269 autem
1069 2205 1232 2290 pontifices
1260 2213 1292 2270 et
1322 2204 1448 2272 farisaei

320 2291 429 2355 turbas
451 2304 682 2355 murmurantes
704 2291 743 2354 (12
766 2313 802 2355 22
826 2289 1012 2355 :miserunt
1035 2290 1210 2354 ministeria
1233 2297 1270 2355 ut
1292 2314 1364 2356 eum
1379 2314 1449 2356 222-

322 2376 581 2461 praehenderent.
626 2387 660 2440 33
686 2374 780 2440 Dixit
812 2399 885 2460 ergo
918 2375 970 2439 ihs
1007 2376 1109 2439 adhuc
1134 2380 1266 2461 ‘tempus
1298 2377 1450 2461 pusillum

322 2460 484 2526 uobiscum
517 2484 587 2526 sum
620 2470 651 2526 22
673 2462 754 2525 2212
777 2467 817 2549 ad
839 2483 911 2525 eum
935 2460 992 2546 qui
1011 2485 1064 2525 ma
1090 2459 1185 2524 misit.
1229 2471 1264 2525 34
1290 2463 1450 2559 quaeritas

323 2569 373 2611 22
395 2553 428 2611 22
450 2570 511 2611 222
534 2546 705 2611 inuenietis
729 2597 735 2609 .
760 2552 792 2611 et
813 2545 867 2610 ubi
883 2569 941 2628 ego
956 2569 1026 2610 sum
1043 2569 1098 2610 uos
1113 2570 1176 2610 non
1192 2553 1323 2631 potestis
1338 2547 1448 2612 uenire

319 2643 356 2696 35
378 2631 540 2697 Dixerunt
562 2655 635 2715 ergo
658 2631 761 2696 iudaei
786 2655 847 2717 quo
869 2631 923 2697 hic
945 2631 1047 2696 iturus
1069 2646 1118 2696 est
1141 2632 1289 2716 quoniam
1312 2655 1375 2697 non
1399 2633 1447 2697 in·

323 2718 487 2782 ueniamus
510 2741 582 2781 eum
610 2717 765 2801 numquid
787 2717 820 2781 in
851 2717 1078 2803 disparsionem
1104 2740 1287 2800 graecorum
1317 2718 1449 2804 incipiet

323 2803 368 2866 ire
391 2810 422 2867 22
444 2803 554 2867 dooere
576 2825 638 2867 eos.
682 2814 716 2867 36
739 2803 809 2887 quis
832 2812 879 2867 est
894 2803 954 2867 iste
969 2824 1070 2866 sermo
1087 2826 1179 2887 quem
1201 2803 1283 2867 dixit
1297 2803 1449 2888 quaeritis

324 2909 374 2951 22
396 2897 428 2951 22
449 2911 512 2952 222
535 2887 706 2953 1222212212
730 2939 736 2950 .
761 2895 792 2952 22
814 2887 868 2952 ubi
891 2911 950 2972 ego
980 2911 1050 2952 sum
1079 2911 1143 2952 222
1169 2889 1300 2973 potestis
1327 2889 1447 2954 uenire,

321 2983 356 3035 37
389 2971 429 3036 In
463 2972 514 3036 die
540 2981 646 3037 autem
680 2973 851 3038 nouissimo
880 2997 991 3055 magno
1020 2974 1070 3038 die
1099 2972 1179 3038 festo
1208 2975 1311 3038 stabat
1336 2974 1388 3038 ihs
1417 2985 1450 3040 22

325 3057 478 3130 clamabat
500 3057 526 3121 si
549 3057 619 3143 quis
642 3057 709 3122 sitit
732 3059 841 3122 ueniat
863 3068 894 3123 ct
916 3059 1003 3123 bibat
1045 3070 1080 3123 38
1109 3059 1164 3141 qui
1188 3058 1287 3123 credit
1308 3059 1342 3122 in
1365 3082 1416 3122 22
1440 3109 1446 3122 .

324 3139 416 3206 Sicut
438 3141 587 3227 scriptum
612 3151 660 3206 est
681 3145 812 3208 flumina
834 3144 873 3208 de
894 3150 1007 3209 uentre
1028 3143 1097 3208 eius
1112 3145 1211 3209 fiuent
1225 3165 1327 3228 aquae
1342 3145 1464 3222 uibae,⁴

321 3237 357 3291 39
372 3227 445 3290 Η22
459 3232 564 3291 22222
581 3227 663 3292 dixit
677 3228 716 3292 de
731 3229 789 3314 spir
807 3235 889 3313 qnod
905 3229 1063 3314 accepturi
1079 3237 1169 3294 erant
1181 3230 1236 3313 qui
1250 3233 1284 3294 in
1300 3253 1373 3293 eum
1386 3253 1448 3295 cre·
1503 3287 1505 3293 .

324 3312 440 3376 debant
453 3363 459 3374 .
472 3313 610 3376 nondum
623 3322 728 3377 autem
741 3319 794 3399 sps
811 3320 877 3378 erat
894 3321 1020 3379 sauctus
1038 3315 1129 3379 datus
1144 3316 1220 3398 quia
1237 3315 1288 3379 ihs
1308 3315 1448 3380 nondum

324 3404 391 3461 erat
414 3397 609 3462 clarificatus.
654 3408 689 3463 40
711 3399 761 3462 De
783 3400 875 3484 plebe
897 3406 1005 3464 autem
1027 3423 1097 3464 cum
1113 3401 1260 3465 audirent
1276 3401 1372 3464 uerba
1391 3401 1448 3464 illa

322 3481 469 3546 dicebant
491 3482 542 3548 hio
565 3504 639 3548 uero
661 3483 784 3568 profeta
806 3493 854 3549 est
876 3485 931 3568 qni
955 3485 987 3549 in
1010 3486 1170 3550 saeculum
1191 3485 1290 3551 uenit.
1335 3496 1368 3548 41
1392 3486 1448 3551 alii

323 3566 470 3632 dicebant
491 3567 543 3632 hio
566 3579 614 3633 est
635 3574 695 3654 xps
717 3569 772 3633 alii
795 3580 900 3634 22222
924 3569 1070 3636 dicebant
1090 3571 1246 3656 numquid
1261 3571 1299 3636 (12
1314 3571 1449 3655 galilaea

322 3657 383 3738 xps
417 3653 514 3717 uenit.
567 3663 602 3717 42
635 3655 751 3718 Nonne
781 3655 935 3742 scriptura
969 3654 1046 3721 dicit
1076 3655 1225 3740 quoniam
1254 3656 1294 3720 de
1326 3656 1448 3722 semine

323 3738 419 3802 dauid
441 3761 459 3801 a
482 3738 621 3803 bethlem
647 3740 686 3804 (12
715 3741 843 3804 22222112
872 3740 968 3804 dauid
997 3740 1087 3806 uenit
1134 3751 1169 3805 43
1198 3740 1344 3806 Schisma
1373 3765 1448 3828 ergo

323 3823 406 3888 facta
426 3832 475 3888 est
496 3824 529 3888 in
551 3824 643 3908 plebe
664 3835 791 3910 propter
812 3825 916 3911 ipsum
959 3835 995 3888 44
1016 3837 1049 3891 22
1069 3826 1198 3912 quidam
1222 3828 1370 3892 uolebant
1392 3830 1446 3892 ad·

323 3909 536 3992 praehendere
570 3933 642 3974 eum
673 3911 728 3974 scd
758 3933 851 3975 nemo
878 3910 1028 3976 iniciebat
1060 3935 1153 3997 super
1185 3912 1289 3998 ipsum
1324 3936 1446 3978 manus.

318 4004 355 4057 45
383 3993 549 4060 Uenernnt
581 4017 654 4080 ergo
687 3995 863 4062 ministeria
896 3996 936 4060 ad
968 3995 1131 4082 pontifices
1164 4003 1197 4062 et
1229 3997 1378 4063 farisaeos
1409 4014 1442 4063 et

323 4078 432 4144 dicunt
460 4079 524 4143 illis
552 4102 649 4164 quaro
682 4103 745 4144 222
778 4081 953 4146 adduxistis
982 4082 1082 4146 illurn.
1135 4093 1170 4147 46
1202 4084 1448 4169 Responderunt

323 4165 498 4229 ministeria
524 4164 663 4230 dicentes
693 4189 785 4231 2222
812 4189 953 4251 unquam
981 4166 1027 4232 sio
1056 4168 1178 4233 locutus
1208 4177 1257 4233 est
1290 4169 1446 4252 quomodo

322 4249 382 4314 1222
404 4250 507 4314 homo.
551 4260 585 4314 47
607 4251 769 4315 Dixerunt
790 4261 823 4317 22
844 4251 972 4316 farisaei
993 4253 1033 4317 ad
1054 4252 1126 4318 illos
1148 4254 1302 4339 numquid
1330 4261 1363 4319 22
1389 4277 1446 4318 222

322 4334 433 4400 erretis
463 4346 497 4401 48
519 4357 616 4418 quare
638 4359 731 4401 nemo
753 4337 791 4401 (12
815 4337 1011 4424 principibus
1035 4338 1167 4403 credidit
1185 4339 1218 4402 in
1241 4345 1384 4404 222222
1405 4363 1446 4404 ex

322 4416 464 4485 farisaeis
506 4431 541 4485 49
561 4422 616 4486 sed
640 4421 728 4508 plebs
752 4421 813 4488 ista
831 4445 911 4507 quae
934 4447 998 4487 222
1018 4424 1174 4510 intellegit
1192 4426 1294 4510 legem
1312 4447 1392 4508 quae
1415 4431 1448 4490 et

323 4505 489 4571 maledicta
515 4513 571 4572 222.
616 4517 651 4572 50
676 4507 770 4572 Dixit
795 4508 978 4574 nicodemus
1005 4511 1044 4575 ad
1074 4533 1127 4575 eos
1154 4509 1210 4595 qui
1244 4518 1375 4574 uenerat
1403 4511 1443 4573 ad
