3667 5284
305 480 337 533 C.
355 480 379 530 4.
524 509 527 518 ·
544 512 552 530 .
840 477 897 532 Iob.
1394 479 1436 543 23

306 670 472 734 adorantes
500 689 572 731 eum
601 674 634 731 et
654 664 696 740 :lin
723 674 782 751 spu
811 669 842 730 et
870 665 1006 730 ueritate
1033 671 1164 751 oportet.
1209 677 1244 730 25
1274 663 1365 729 Dicit
1387 664 1435 728 illi

308 753 422 818 mulier
450 752 513 817 scio
543 751 619 835 quia
647 751 773 816 messisss
800 749 910 815 ueniet
938 750 992 835 qui
1015 750 1131 815 dicitur
1152 756 1213 835 xps
1238 801 1244 813 .
1269 773 1339 815 cum
1363 773 1435 834 ergo

213 863 214 866 ¹
309 837 434 904 uenerit
455 836 509 902 ille
532 835 692 901 nuntiabit
712 834 802 900 nobis
825 835 939 900 omnia.
984 847 1018 900 26
1040 836 1130 901 Dicit
1152 835 1201 900 illi
1224 837 1275 900 ihs
1292 858 1349 919 ego
1365 859 1435 901 sum

304 923 364 1010 qui
393 932 496 990 tecum
525 921 645 1004 loquor.
694 932 727 985 27
754 921 797 986 Et
826 920 977 986 continuo
1006 928 1258 1006 superuenerunt
1288 921 1438 1006 discipuli

310 1013 378 1076 eius
401 1015 433 1074 et
454 1007 690 1071 admirabantur
712 1007 787 1091 quia
809 1029 879 1070 cum
911 1007 1076 1072 mulierem
1101 1007 1289 1091 loquebatur
1312 1059 1319 1072 .
1343 1029 1436 1070 nemo

243 1172 245 1176 y
308 1101 415 1160 tamen
437 1092 520 1157 dixit
540 1092 666 1157 mulieri
690 1091 767 1176 quid
783 1091 908 1175 quaeris
925 1100 980 1157 aut
995 1091 1072 1176 quid
1086 1091 1234 1176 loqueris.
1268 1103 1303 1156 28
1319 1092 1436 1156 Mulier

309 1187 415 1246 autern
448 1177 582 1243 demisso
623 1200 715 1242 urceo
749 1177 828 1242 abiit
859 1177 893 1241 in
934 1178 1064 1243 ciuitate
1104 1185 1136 1243 et
1175 1178 1221 1242 ait
1255 1176 1436 1242 homiuibus

305 1278 343 1330 29
366 1262 472 1330 uenite
494 1262 600 1327 uidete
622 1261 783 1327 hominem
805 1262 860 1348 qui
881 1261 965 1327 dixit
985 1262 1064 1327 mihi
1088 1263 1194 1328 omnia
1215 1285 1296 1348 quae
1310 1261 1373 1328 feci
1394 1285 1435 1326 ne

308 1351 376 1437 ipse
399 1354 446 1415 est
467 1352 537 1434 xps.
582 1359 617 1412 30
641 1347 799 1413 Exiebant
826 1371 899 1431 ergo
930 1348 969 1412 de
995 1348 1126 1414 ciuitate
1149 1356 1181 1414 et
1202 1348 1374 1412 ueniebant
1396 1347 1436 1412 ad

309 1459 391 1501 eum.
442 1445 476 1499 31
503 1432 592 1498 Inter
622 1434 700 1498 haec
729 1435 881 1516 rogabant
911 1456 984 1500 eum
1014 1433 1162 1519 discipuli
1193 1432 1263 1498 eius
1294 1432 1440 1498 dicentes

307 1520 396 1586 rabbi
418 1519 582 1584 manduca.
627 1530 661 1583 32
684 1517 778 1584 Dixit
800 1518 864 1583 illis
887 1518 939 1582 ihs
962 1541 1019 1603 ego
1042 1518 1147 1584 cibum
1169 1520 1269 1583 habeo
1300 1518 1433 1583 mandu-

305 1630 379 1672 care
409 1628 504 1690 quem
532 1627 589 1669 uos
618 1627 680 1668 nou
703 1604 810 1670 nostis.
856 1615 890 1668 33
923 1603 1082 1669 Dicebant
1115 1603 1262 1688 discipuli
1294 1603 1363 1668 eius
1395 1603 1436 1667 ad

308 1691 448 1757 inuicem
475 1689 631 1774 numquid
659 1687 774 1774 aliquis
803 1689 918 1753 adtulit
944 1689 1008 1754 illis
1035 1690 1231 1755 manducare.
1276 1699 1312 1754 34
1341 1687 1436 1753 Dixit

309 1777 355 1842 eis
384 1777 435 1841 ihs
465 1797 555 1839 meus
585 1774 672 1838 cibus
702 1781 750 1839 est
777 1784 814 1838 ut
842 1773 958 1839 faciam
986 1775 1182 1840 uoluntatem
1213 1774 1280 1838 eius
1307 1774 1362 1860 qui
1383 1797 1435 1838 me

309 1861 397 1927 misit
422 1869 454 1925 et
481 1859 640 1945 perficiam
672 1881 750 1944 opus
779 1859 855 1924 eius.
900 1871 935 1924 35
957 1861 1000 1924 Et
1028 1883 1086 1925 uos
1108 1859 1212 1926 dicitis
1236 1859 1311 1943 quia
1332 1859 1436 1924 adhuc

306 1945 538 2032 quadrimestre
560 1950 611 2010 est
634 1950 665 2009 et
685 1967 803 2010 messes
825 1944 942 2010 ueniet.
987 1947 1071 2011 Ecce
1094 1945 1163 2010 dico
1185 1945 1275 2010 uobis
1290 1945 1435 2010 adleuate

309 2033 415 2097 oculos
444 2037 565 2095 uestros
592 2035 623 2094 et
651 2029 757 2094 uidete
786 2029 900 2113 segites
930 2030 1004 2114 quia
1032 2031 1121 2095 albae
1143 2037 1218 2095 sunt
1239 2031 1279 2095 ad
1300 2053 1435 2095 messem

306 2129 343 2182 36
376 2116 440 2180 iam
474 2114 529 2198 qui
560 2115 652 2180 metit
684 2115 860 2181 mercedem
891 2115 1006 2201 accipit
1034 2125 1066 2181 et
1094 2116 1221 2200 colliget
1243 2115 1379 2180 fructum
1401 2115 1439 2179 iu·

310 2203 409 2267 uitam
437 2209 598 2265 aeternam
627 2207 663 2264 ut
692 2200 747 2284 qui
776 2201 912 2266 seminat
943 2201 1027 2276 simil
1053 2201 1190 2285 gaudeat
1218 2224 1290 2266 cnm
1319 2222 1356 2265 ec
1379 2201 1435 2284 qui

309 2286 402 2352 metit
444 2297 478 2350 37
501 2285 534 2351 in
556 2286 615 2350 hoc
637 2285 722 2350 enim
744 2288 877 2352 uerbum
900 2295 948 2352 est
969 2309 1080 2352 uerum
1112 2286 1261 2370 quoniam
1283 2285 1365 2350 alius
1388 2293 1436 2350 est

308 2373 365 2457 qui
387 2371 523 2436 seminat
544 2377 576 2437 et
598 2371 678 2454 alius
701 2371 755 2456 qui
778 2372 878 2437 metit.
923 2384 958 2437 33
979 2372 1048 2456 Ego
1071 2371 1143 2436 misi
1157 2394 1215 2436 uos
1231 2381 1349 2437 metere
1370 2393 1434 2436 non

309 2481 366 2522 uos
381 2455 546 2522 laborastis
563 2509 569 2520 .
586 2457 641 2520 alii
656 2458 872 2522 laborabuerut
894 2465 926 2522 et
942 2480 998 2522 uos
1013 2458 1046 2521 in
1065 2457 1186 2522 labores
1205 2480 1312 2522 eorum
1328 2456 1444 2522 introi.

309 2543 359 2608 tis.
404 2555 437 2607 39
460 2542 512 2606 De
528 2540 657 2606 ciuitate
673 2541 770 2626 igitur
784 2543 838 2607 illa
853 2543 946 2607 multi
961 2542 1161 2608 crediderunt
1175 2542 1433 2607 samaritanorum

308 2636 435 2715 propter
456 2650 632 2692 sermonem
652 2628 794 2692 mulieris
809 2627 884 2713 quia
899 2628 1116 2694 testimonium
1132 2627 1214 2693 dixit
1229 2628 1312 2713 quod
1328 2627 1435 2692 omnia

308 2713 386 2778 mihi
410 2712 492 2777 dixit
519 2736 600 2798 quae
631 2713 702 2778 feci.
747 2723 782 2780 40
802 2715 971 2780 Uenerunt
999 2737 1071 2799 ergo
1100 2713 1140 2777 ad
1169 2736 1242 2777 eum
1271 2712 1434 2779 samarites

305 2803 506 2864 obsecrantes
527 2821 600 2863 eum
623 2807 658 2863 ut
676 2807 854 2864 remaneret
876 2799 960 2885 apud
982 2822 1035 2864 eos
1062 2805 1095 2863 et
1116 2799 1268 2864 remansit
1290 2798 1355 2862 illic
1377 2820 1434 2883 per

309 2884 442 2947 uiduum
492 2893 525 2946 41
556 2891 587 2947 et
614 2885 713 2949 multo
740 2884 875 2970 amplius
908 2885 1110 2949 crediderunt
1141 2890 1269 2970 propter
1301 2884 1433 2948 uerbum

309 2968 386 3034 eius.
431 2978 465 3031 42
489 2969 645 3034 Dicebant
659 2979 765 3034 autem
780 2969 908 3034 mulieri
925 2969 999 3055 quia
1021 2969 1084 3034 iam
1107 2993 1171 3034 non
1193 2975 1320 3055 propter
1341 2975 1431 3034 tuum

305 3076 484 3118 sermonem
512 3054 700 3119 credidimus
729 3054 791 3140 ipsi
821 3055 907 3120 enim
937 3055 1119 3120 audiuimus
1152 3061 1184 3120 et
1211 3057 1329 3120 scimus
1359 3053 1435 3137 quia

308 3139 360 3203 hic
392 3161 466 3202 uere
495 3139 632 3204 saluator
665 3146 712 3205 est
739 3142 855 3206 saeculi
884 3145 954 3226 xps.
1006 3151 1041 3205 43
1071 3141 1149 3205 Post
1170 3139 1303 3204 uiduum
1327 3150 1433 3204 autem

306 3221 465 3308 profectus
488 3228 535 3288 est
556 3224 630 3288 inde
653 3225 686 3288 in
708 3225 884 3308 galilaeam.
930 3235 966 3288 44
987 3225 1055 3312 ipse
1070 3233 1177 3290 autem
1191 3225 1243 3288 ihs
1260 3226 1434 3290 testabatur

239 3352 246 3365 -
304 3309 415 3373 dicens
427 3308 501 3393 quia
511 3308 633 3393 profeta
644 3309 678 3373 in
689 3311 790 3394 patria
801 3333 858 3376 sua
868 3312 1020 3376 honorem
1031 3335 1094 3376 nou
1106 3311 1208 3376 habet.
1223 3320 1258 3374 45
1268 3309 1433 3395 Quomodo

304 3417 380 3478 ergo
395 3393 485 3458 uenit
498 3393 531 3457 in
546 3395 711 3478 galilaeam
727 3405 920 3482 exceperunt
934 3420 1005 3461 eum
1021 3396 1147 3480 galilaei
1167 3419 1275 3460 omues
1298 3447 1304 3459 .
1329 3394 1433 3460 audie·

303 3485 379 3543 rant
408 3478 492 3543 enim
521 3480 628 3543 omnia
656 3503 737 3565 quae
765 3479 883 3546 fecerat
911 3482 945 3545 in
975 3480 1193 3566 hierosolymis
1221 3481 1275 3546 die
1296 3480 1377 3546 festo
1400 3488 1432 3545 et

307 3563 368 3649 ipsi
383 3563 466 3628 enim
480 3571 633 3629 uenerant
647 3565 680 3629 in
696 3565 747 3630 die
762 3566 850 3632 festo.
895 3577 930 3631 46
951 3566 1052 3633 Ueuit
1073 3566 1181 3650 itaque
1196 3566 1312 3631 iterum
1328 3565 1340 3630 i
1356 3589 1433 3630 cana

306 3649 458 3732 galilaeae
487 3650 540 3714 ubi
570 3649 645 3715 fecit
676 3674 788 3735 aquam
816 3652 938 3716 uiuum.
983 3652 1063 3717 Erat
1089 3660 1195 3716 autem
1217 3651 1283 3716 illic
1305 3652 1454 3735 regulus·

303 3735 397 3799 cuius
417 3734 501 3799 filius
524 3734 736 3800 iufilmabatur
777 3747 810 3801 47
833 3737 887 3801 hic
909 3761 980 3802 cum
1003 3736 1143 3801 audisset
1164 3737 1240 3821 quia
1262 3737 1313 3800 ihs
1341 3736 1432 3801 uenit

306 3820 345 3884 de
367 3819 480 3884 iudaea
501 3819 535 3884 in
557 3821 721 3904 galilaeam
745 3823 835 3888 uenit
850 3823 889 3887 ad
905 3846 978 3887 eum
994 3830 1025 3888 et
1041 3823 1170 3905 rogabat
1185 3828 1220 3885 ut
1234 3821 1433 3886 discenderet

306 3915 338 3969 et
359 3906 497 3970 saluaret
518 3906 619 3970 filium
642 3906 709 3971 eius
731 3906 903 3992 incipiebat
920 3908 1005 3972 euim
1021 3907 1110 3972 mori.
1153 3916 1188 3972 48
1209 3907 1304 3971 Dixit
1325 3912 1431 3972 autem

306 3990 358 4053 ihs
392 3991 431 4054 ad
461 4013 533 4054 eum
565 3992 627 4056 nisi
657 3992 746 4077 signa
774 4002 806 4057 et
839 3993 981 4077 prodigia
1013 3990 1160 4056 uideritis
1190 4014 1254 4056 non
1288 3993 1430 4057 credites.

301 4085 339 4139 49
366 4075 410 4140 Et
438 4077 564 4160 regulus
596 4077 677 4142 dixit
708 4076 757 4141 illi
790 4077 852 4142 dne
882 4077 1029 4143 discenda
1062 4077 1245 4176 priusquam
1278 4077 1432 4142 moriatur

305 4183 392 4243 puer.
438 4173 472 4225 50
502 4161 597 4227 Dixit
618 4162 666 4226 illi
695 4161 747 4226 ihs
777 4163 857 4228 nade
885 4164 970 4228 filius
997 4170 1071 4228 tuus
1099 4162 1183 4228 uiurt
1206 4212 1213 4225 .
1237 4168 1269 4226 et
1297 4163 1432 4228 credidit

305 4246 399 4309 homo
431 4247 527 4311 uerbo
560 4249 643 4331 quod
677 4248 759 4314 dixit
790 4248 838 4312 illi
868 4248 929 4312 ihs.
986 4260 1020 4313 50
1052 4248 1096 4312 Et
1129 4272 1201 4313 cnm
1234 4247 1430 4313 discenderet

306 4341 508 4396 occurrerunt
540 4331 588 4396 illi
620 4333 705 4398 serui
739 4340 769 4398 et
800 4334 1030 4399 nuntiauerant
1062 4334 1203 4400 dicentes
1239 4333 1315 4416 quia
1347 4333 1431 4398 filius

304 4421 380 4479 tuus
405 4415 497 4482 uiuit.
542 4428 576 4482 52
602 4418 816 4503 Interrogauit
844 4425 950 4484 autern
979 4442 1053 4504 ergo
1080 4420 1190 4483 horam
1216 4419 1256 4483 ab
1281 4417 1430 4503 illisque

304 4499 383 4564 hora
396 4501 479 4566 filius
496 4501 563 4568 eius
586 4502 621 4566 in
642 4503 757 4570 melius
779 4527 950 4571 conuersus
965 4515 1055 4571 esset.
1102 4504 1262 4570 Dixerunt
1283 4503 1333 4568 illi
1354 4502 1431 4588 quia
