3667 5284
229 457 230 461 ’
302 459 337 514 G.
357 463 381 513 3.
399 462 424 512 4.
834 455 901 510 Luc.
1387 457 1430 522 55

301 660 339 714 26
361 648 408 713 fili
430 661 538 712 natum
560 645 604 709 fili
628 645 698 710 aedi
720 645 765 710 fili
788 667 908 728 naggae
940 655 974 709 26
995 643 1042 709 1111
1063 596 1226 710 mattatiae
1247 642 1294 707 fili
1308 643 1429 709 semein

305 735 351 799 fili
374 735 457 799 ioseo
478 731 524 798 fili
545 730 639 796 iudae
682 741 715 795 27
737 729 783 795 fili
805 729 938 794 icaunae
959 729 1005 793 fili
1027 753 1114 794 66666
1134 729 1181 793 fili
1203 729 1368 794 zorobabel
1381 729 1427 792 fili

302 819 429 884 salatiel
450 817 496 883 fili
518 815 587 882 neri
629 828 664 881 28
685 814 731 880 fili
753 815 869 880 melchi
890 813 937 879 fili
958 815 1025 880 asdi
1039 814 1086 879 fili
1101 838 1190 880 caese
1204 815 1250 879 fili
1270 815 1426 879 etmadam

306 905 351 970 fili
373 903 419 968 ier
463 915 496 968 29
524 901 571 966 1111
597 900 666 966 1666
694 900 740 966 1111
763 901 892 966 61166626
912 899 959 963 fili
988 899 1080 964 iorim
1108 900 1155 964 fili
1181 899 1345 964 matalfili
1365 899 1431 964 leui

302 1002 341 1056 30
381 990 428 1054 fili
454 989 574 1054 simeon
603 986 648 1052 fili
676 985 788 1052 iudeae
816 985 861 1050 fili
890 985 996 1050 iosefh
1024 985 1070 1049 fili
1098 986 1203 1050 ionum
1232 985 1278 1049 fili
1306 985 1430 1050 eliacim

301 1087 339 1141 31
361 1075 406 1138 fili
428 1098 520 1139 enam
541 1071 587 1136 fili
610 1071 772 1137 mattatiae
793 1070 839 1134 fili
861 1077 968 1135 natam
990 1071 1036 1134 fili
1059 1070 1153 1135 dauid
1197 1082 1231 1136 32
1256 1069 1302 1134 fili
1325 1070 1430 1135 eseiae

304 1160 351 1225 fili
378 1161 472 1225 ebeth
497 1157 543 1224 fili
568 1159 642 1222 boos
670 1157 714 1220 fili
745 1156 864 1222 salmon
891 1155 940 1220 fili
973 1179 1114 1220 6666666-
1140 1156 1242 1221 331111
1263 1155 1429 1221 aminadab

302 1247 350 1310 fili
377 1269 463 1311 aram
490 1243 536 1308 fili
564 1243 660 1306 irram
687 1240 733 1307 fili
760 1264 861 1306 esrom
890 1240 937 1305 fili
965 1242 1078 1327 phares
1104 1241 1150 1305 fili
1183 1241 1276 1306 indue
1319 1251 1354 1306 34
1384 1240 1430 1304 fili

305 1331 393 1396 iacob
415 1329 461 1395 fili
483 1329 547 1394 isac
568 1327 612 1392 fili
637 1328 786 1392 abraham
807 1326 853 1390 fili
876 1325 962 1391 iarae
983 1326 1029 1391 fili
1051 1349 1146 1391 nacor
1188 1338 1222 1392 35
1250 1325 1295 1390 fili
1319 1327 1426 1392 seruth

301 1416 350 1481 fili
372 1438 466 1480 racau
488 1413 533 1478 fili
556 1412 636 1478 falec
658 1413 704 1476 fili
720 1414 793 1478 eber
810 1411 857 1476 fili
872 1413 956 1476 salae
999 1423 1034 1476 36
1054 1412 1100 1476 fili
1117 1413 1246 1477 thamou
1260 1411 1306 1476 fili
1321 1410 1430 1476 arfaxa

304 1501 350 1566 fili
379 1501 449 1566 seth
479 1500 526 1564 fili
555 1521 615 1563 noe
648 1498 692 1562 fili
723 1498 842 1562 lameth
885 1509 919 1562 37
947 1496 993 1561 fili
1022 1497 1194 1562 matusalae
1215 1496 1260 1561 fili
1284 1519 1363 1562 enoc
1383 1497 1430 1560 fili

301 1587 369 1652 alet
389 1587 435 1650 fili
458 1585 570 1650 cainan
613 1595 648 1649 38
669 1583 715 1647 fili
737 1606 811 1648 enos
832 1581 879 1647 fili
901 1583 971 1648 seth
993 1582 1038 1646 fili
1061 1584 1151 1647 adam
1175 1583 1230 1667 qui
1252 1581 1314 1647 fuit
1336 1583 1378 1647 di.

389 1673 450 1737 IV.
496 1683 511 1734 1
533 1670 592 1734 Ihs
614 1677 720 1734 autem
744 1669 803 1751 666
825 1677 932 1732 666666
955 1667 1067 1753 616666
1088 1691 1234 1733 reuersus
1257 1668 1357 1733 estad
1372 1667 1430 1731 ior·

300 1757 408 1822 danen
431 1761 462 1822 et
484 1756 658 1820 ducebatur
673 1753 706 1818 16
723 1755 780 1839 666
796 1754 828 1817 16
844 1776 985 1818 eremum
1028 1763 1045 1816 2
1067 1776 1123 1839 666
1137 1753 1206 1818 6166
1222 1753 1430 1839 quadraginta

304 1849 481 1927 temptante
510 1864 582 1905 eum
612 1847 720 1904 satana
747 1847 780 1902 et
801 1861 864 1902 666
894 1839 1098 1917 manducauit
1119 1839 1286 1924 quicquam
1309 1839 1343 1902 in
1365 1837 1429 1903 illis

301 1927 416 1992 diebus
438 1932 470 1992 66
493 1924 716 1992 consummatis
738 1923 801 1988 illis
824 1923 942 1988 esuriit.
977 1935 995 1988 3
1017 1924 1061 1988 Et
1082 1923 1165 1988 dixit
1186 1925 1234 1988 illi
1256 1930 1380 1989 satanas
1402 1922 1428 1988 si

304 2011 388 2076 filius
410 2012 442 2077 di
465 2033 498 2076 es
521 2010 570 2076 dic
592 2009 690 2096 lapidi
714 2007 789 2073 huic
811 2015 843 2073 et
864 2011 919 2073 fiat
941 2007 1041 2093 panis.
1085 2008 1169 2074 4Et
1199 2008 1359 2095 respondit
1389 2009 1446 2073 ad.

305 2097 477 2161 1116661116
506 2096 614 2160 616666
645 2093 794 2178 scriptum
827 2099 874 2159 est
908 2094 982 2178 quia
1008 2117 1072 2158 666
1098 2094 1130 2158 16
1154 2118 1236 2180 6666
1258 2095 1323 2159 6616
1346 2093 1429 2159 61616

301 2183 398 2246 home
429 2183 483 2247 sed
513 2181 546 2244 in
575 2179 661 2246 omni
694 2181 789 2245 uerbo
818 2180 858 2243 di.
904 2191 921 2243 6
951 2181 996 2244 Et
1017 2179 1157 2266 inposuit
1178 2179 1269 2244 illum
1291 2179 1428 2245 secundo

302 2290 400 2353 supra
428 2276 567 2332 montem
597 2274 629 2330 et
659 2266 797 2331 ostendit
825 2265 874 2330 illi
904 2265 1011 2328 omnia
1040 2288 1137 2348 regna
1159 2264 1242 2330 orbis
1271 2264 1428 2330 terracin

301 2359 398 2438 66666
420 2351 571 2437 temporis
614 2363 631 2415 6
654 2360 686 2415 66
708 2350 790 2415 dixit
812 2350 850 2414 ad
874 2349 967 2414 illum
990 2349 1134 2415 diauolus
1156 2351 1215 2415 tibi
1238 2351 1317 2415 dabo
1339 2356 1427 2435 pote·
1481 2385 1484 2393 ³

300 2444 416 2503 statem
440 2437 572 2503 istorum
593 2435 734 2500 omnium
757 2443 789 2500 et
811 2436 987 2500 claritatem
1011 2434 1137 2500 illorum
1161 2436 1235 2521 quia
1257 2434 1336 2499 mihi
1366 2444 1427 2500 tra·

299 2523 368 2588 dita
392 2528 493 2588 estet
515 2522 566 2586 661
589 2522 661 2586 6616
684 2521 723 2585 66
745 2520 800 2585 1116
835 2532 850 2585 7
873 2529 908 2586 66
931 2543 1004 2604 ergo
1020 2521 1045 2585 si
1061 2527 1234 2606 prostratus
1249 2521 1428 2585 adoraueris

302 2608 335 2672 in
359 2615 528 2694 conspeetu
543 2630 613 2672 meo
637 2605 697 2671 erit
718 2611 775 2671 tua
796 2629 914 2671 omnes.
960 2618 977 2671 8
1000 2606 1042 2669 Et
1058 2606 1255 2691 respondens
1277 2607 1329 2670 ihs
1346 2604 1428 2670 dixit

299 2695 383 2758 uado
406 2703 488 2759 retro
511 2698 636 2758 satanas
658 2692 809 2776 scriptum
833 2696 880 2756 est
901 2691 983 2754 dnm.
1000 2691 1052 2754 dm
1074 2697 1165 2756 tuum
1195 2690 1374 2768 adoraueris
1397 2700 1428 2756 66

299 2778 350 2843 1111
373 2779 431 2843 6611
453 2778 580 2844 seruies.
627 2790 643 2842 9
665 2779 787 2842 Iterum
804 2775 938 2841 adduxit
959 2776 1050 2840 illum
1065 2775 1254 2842 hierusalem
1271 2786 1303 2842 66
1317 2776 1428 2842 statuit

302 2864 335 2926 16
359 2863 485 2946 fastigio
507 2862 618 2948 templi
641 2866 672 2927 66
694 2861 777 2927 dixit
798 2861 825 2927 si
848 2863 933 2927 filius
954 2862 986 2925 di
1009 2885 1042 2926 es
1058 2861 1156 2932 ‚mitte
1178 2868 1210 2927 te
1237 2863 1313 2927 hino
1343 2862 1429 2926 deor·

303 2971 374 3012 sum
418 2960 453 3025 16
472 2948 622 3033 scriptum
646 2952 693 3012 est
714 2947 799 3012 enim
823 2947 898 3032 quia
919 2946 1040 3031 augelis
1062 2947 1127 3012 suis
1149 2947 1313 3012 mandauit
1334 2947 1374 3011 de
1395 2951 1427 3012 te

300 3042 340 3096 ut
373 3041 404 3098 66
435 3039 620 3098 6666666666
664 3044 695 3096 11
729 3033 804 3118 quia
834 3033 866 3096 iu
900 3032 1046 3096 manibus
1078 3039 1111 3098 te
1144 3032 1246 3097 ferent
1278 3055 1318 3097 66
1347 3031 1427 3097 forte

299 3117 443 3183 offendas
465 3118 504 3182 ad
526 3118 663 3203 lapidem
686 3118 798 3202 pedem
820 3125 920 3183 tuum.
966 3129 1000 3181 12
1028 3118 1072 3182 Et
1098 3117 1258 3202 respondit
1286 3125 1319 3183 et
1344 3117 1427 3183 dixit

304 3202 352 3266 illi
380 3203 431 3267 ihs
460 3202 609 3288 scriptum
640 3209 689 3266 est
714 3225 778 3266 non
805 3202 975 3288 temptauis
1001 3203 1076 3266 dnr'n
1103 3203 1282 3281 dffituum.
1328 3214 1361 3267 13
1382 3203 1427 3268 Et

299 3311 375 3352 curn
398 3287 580 3373 perfecisset
602 3311 727 3352 ornnem
750 3289 988 3373 temptationem
1012 3289 1155 3354 diabolus
1177 3287 1319 3353 discessit
1335 3290 1374 3352 ab
1389 3310 1426 3352 eo

301 3395 403 3457 usque
426 3373 465 3438 66
486 3377 619 3458 tempus.
665 3383 699 3437 14
724 3373 769 3437 Ε6
795 3396 940 3438 66666666
969 3373 1144 3438 66611616
1170 3374 1291 3438 uirtute
1315 3372 1426 3458 spiriu

303 3458 469 3524 6611166661
488 3466 520 3522 66
539 3457 623 3522 fama
639 3458 813 3543 exiuit'per
824 3465 920 3524 totam
936 3457 1250 3523 circumadiacentem
1266 3457 1426 3542 regionem

298 3544 341 3608 66
360 3566 406 3608 eo.
438 3555 471 3608 15
489 3550 521 3608 et
540 3544 670 3608 docebat
687 3544 721 3607 in
742 3543 909 3628 synagogis
929 3566 1037 3608 eorum
1055 3552 1088 3608 66
1109 3543 1366 3626 magnificabatur
1387 3544 1426 3608 ab

298 3628 456 3698 omnibus.
502 3641 535 3692 16
558 3629 639 3694 Oum
662 3628 802 3694 uenisset
823 3638 930 3693 autem
952 3629 986 3693 in
1009 3652 1122 3693 nazara
1136 3629 1191 3693 ubi
1209 3629 1270 3693 fuit
1287 3627 1426 3693 nutritus

302 3713 448 3778 introiuit
469 3715 596 3779 sabbato
619 3714 652 3777 in
675 3736 864 3799 synagogam
888 3721 921 3779 ct
942 3714 1081 3778 surrexit
1101 3715 1214 3797 legere.
1250 3724 1282 3777 17
1305 3722 1338 3778 66
1359 3736 1426 3798 666·

300 3805 405 3864 666666
428 3807 479 3862 666
502 3799 550 3862 1111
572 3799 653 3864 liber
674 3799 773 3864 esseio
796 3799 936 3884 profetae
958 3807 992 3863 66
1013 3821 1084 3863 curn
1108 3798 1290 3864 reuoluissit
1311 3799 1426 3862 librum

300 3883 425 3948 inuenit
447 3883 499 3948 ubi
523 3889 591 3948 erat
612 3883 762 3984 seriptum
807 3896 840 3949 18
862 3889 914 3970 666
938 3884 993 3948 661
1016 3907 1110 3968 66666
1133 3907 1184 3949 me
1200 3884 1425 3970 propterquod

300 3969 395 4034 unxit
427 3992 477 4033 me
510 3969 739 4034 benenuntiate
761 3971 952 4055 pauperibus
974 3968 1062 4033 misit
1089 3992 1140 4034 me
1185 3981 1217 4034 19
1245 3968 1426 4054 praedicare

299 4053 437 4138 captiuis
451 4054 667 4120 remissionem
684 4065 716 4120 et
731 4054 831 4122 caecis
846 4054 950 4119 uisum
965 4053 1131 4118 restituere
1153 4053 1311 4120 dimittere
1333 4077 1425 4139 quas·

301 4151 384 4204 satos
406 4139 439 4203 16
462 4138 604 4224 requiem
626 4139 807 4224 praedicare
829 4163 948 4204 aunum
973 4139 1027 4202 dni
1048 4139 1272 4224 acceptabilem
1294 4145 1326 4204 et
1341 4138 1423 4204 diem
1509 4138 1511 4145 ⁴

301 4223 526 4290 retributionis.
571 4235 605 4291 20
626 4226 671 4292 Et
693 4248 764 4290 oum
793 4224 949 4311 plicuissit
975 4222 1090 4289 librum
1118 4225 1254 4289 reddidit
1281 4224 1425 4289 ministro

298 4308 415 4373 deinde
444 4309 527 4374 sedit
553 4318 585 4375 et
612 4309 753 4375 omnium
785 4309 840 4396 qui
869 4310 904 4375 in
931 4332 1089 4395 synagoga
1116 4320 1206 4376 erant
1232 4309 1315 4376 oculi
1337 4321 1426 4375 eraut

301 4394 417 4459 intenti
437 4394 472 4459 in
495 4395 595 4460 illum.
640 4407 674 4459 21
698 4395 800 4480 666616
822 4392 929 4461 autem
951 4395 1055 4460 dicere
1077 4394 1117 4459 ad
1139 4396 1209 4460 illos
1233 4394 1308 4478 quia
1329 4394 1426 4459 hodie

297 4477 471 4564 adimpleta
500 4487 547 4545 est
577 4479 732 4567 scriptura
761 4481 822 4546 ista
849 4481 882 4545 16
913 4480 1042 4546 auribus
1071 4481 1191 4546 uestris.
1235 4490 1270 4543 22
1298 4486 1427 4545 etcum

1241 4700 1247 4738 l
