3667 5284
307 481 398 536 (114.
419 481 459 535 15.
759 471 762 482 '
843 481 899 536 101.
1391 483 1432 546 41

306 668 395 735 misit
420 668 519 756 patris
561 679 595 734 25
616 669 695 734 haec
722 669 846 734 locutus
874 691 945 733 sum
974 667 1065 733 uobis
1095 669 1179 754 apud
1208 689 1265 732 uos
1293 690 1433 733 manens.

306 765 341 820 26
362 759 415 840 sps
437 759 543 819 autem
587 754 741 820 aracletus
763 763 890 818 sanctus
911 776 1005 839 quem
1027 758 1117 840 pater
1138 752 1239 818 mittit
1259 752 1292 816 in
1307 754 1439 819 nomine

306 863 377 905 meo
399 841 455 905 ille
477 862 533 905 uos
555 777 645 906 dicet
672 838 778 905 omnia
801 844 833 904 et
854 838 1037 905 admonebit
1059 861 1114 902 uos
1137 838 1242 902 omnia
1266 861 1346 922 quae
1369 839 1436 903 dix·
1489 918 1493 921 ι

307 949 369 992 ero.
395 921 447 990 27
469 925 588 990 Pacem
617 947 732 990 meam.
746 923 873 990 remitto
901 924 991 991 nobis
1018 947 1128 1010 pacem
1157 947 1259 988 meam
1283 924 1322 988 do
1345 925 1440 990 uobis

307 1034 370 1076 non
393 1012 596 1076 conturbetur
617 1031 671 1076 cor
692 1015 833 1075 uestrum
856 1032 961 1094 neque
982 1009 1119 1095 trepidet
1160 1020 1195 1073 28
1215 1007 1347 1074 audistis
1362 1033 1435 1096 quo

307 1095 392 1160 niam
416 1119 474 1180 ego
496 1094 564 1160 dixi
586 1094 675 1160 uobis
698 1096 780 1159 uado
802 1100 834 1159 et
856 1094 952 1159 uenio
975 1094 1015 1159 ad
1036 1117 1094 1160 uos
1111 1145 1117 1157 .
1134 1096 1161 1159 si
1184 1118 1234 1159 me
1251 1092 1439 1160 dilixissetis

306 1181 485 1266 gauderetis
508 1180 582 1265 quia
604 1203 661 1264 ego
684 1180 723 1244 ad
745 1185 865 1266 patrem
888 1180 970 1244 uado
993 1179 1068 1266 quia
1089 1186 1179 1265 pater
1200 1178 1299 1244 maior
1321 1203 1372 1244 me
1387 1191 1436 1246 est

306 1278 340 1333 29
362 1275 395 1331 ct
423 1289 507 1331 nunc
533 1265 602 1331 dixi
629 1265 718 1330 uobis
748 1265 934 1351 priusquam
962 1268 1018 1330 fiat
1044 1270 1081 1330 ut
1103 1288 1175 1330 cum
1197 1264 1316 1331 factum
1338 1264 1440 1332 fuerit

307 1351 449 1418 credatis.
500 1363 534 1417 30
566 1350 639 1433 iam
661 1373 725 1415 non
757 1352 867 1436 loquar
899 1351 1000 1416 multa
1031 1350 1194 1416 uobiscum
1226 1351 1316 1415 uenit
1348 1352 1434 1416 enim

305 1437 451 1535 princeps
473 1435 591 1503 saeculi
612 1435 708 1502 huius
731 1441 762 1502 et
783 1460 847 1501 non
869 1437 965 1501 babet
985 1437 1018 1500 in
1043 1459 1094 1506 me
1118 1435 1286 1521 quicquam
1330 1448 1363 1500 31
1379 1439 1436 1502 sed

210 1547 213 1551 ·
306 1527 341 1588 ut
369 1533 448 1588 scrat
476 1523 637 1588 saeculum
667 1521 816 1605 quoniam
847 1545 905 1606 ego
936 1521 1033 1606 diligo
1060 1529 1180 1607 patrem
1213 1532 1245 1585 et
1279 1524 1439 1606 quomodo

306 1609 490 1673 mandatum
514 1607 593 1672 mibi
616 1606 703 1672 dedit
724 1607 769 1672 sic
792 1606 874 1674 facio
896 1608 1017 1691 surgite
1039 1629 1148 1671 eamus
1169 1607 1254 1672 binc.

390 1695 481 1760 XV:
515 1704 530 1757 1
553 1693 623 1775 Ego
646 1716 715 1756 sum
738 1690 815 1757 uitis
837 1716 913 1756 nera
936 1701 968 1758 et
993 1697 1083 1777 pater
1112 1715 1201 1756 meus
1228 1691 1365 1775 agricola
1386 1699 1435 1758 est

305 1790 322 1843 2
344 1802 438 1844 omne
460 1786 656 1844 sarmentum
678 1800 741 1842 non
764 1777 883 1842 faciens
905 1777 1013 1852 inme
1036 1779 1172 1842 fructum
1196 1778 1286 1841 tollet
1307 1777 1388 1844 illud
1402 1783 1439 1842 et.

306 1887 399 1930 omne
445 1863 506 1928 uod
530 1864 665 1927 fructum
690 1862 810 1928 adferet
833 1864 1015 1928 emundabit
1037 1863 1117 1927 illud
1139 1871 1176 1927 ut
1197 1863 1333 1928 fructum
1356 1865 1438 1928 mul·

305 1955 374 2014 tum
398 1887 527 2014 adferat.
572 1960 589 2012 3
612 1947 676 2012 iam
698 1971 754 2013 uos
771 1949 886 2013 mundi
910 1949 985 2014 estis
1007 1955 1135 2034 propter
1148 1971 1324 2014 sermonem
1339 1973 1435 2034 quem

307 2034 431 2100 locutus
453 2057 524 2098 sum
546 2034 585 2098 ad
607 2056 672 2098 uos.
717 2039 881 2098 emanete
904 2034 938 2098 in
960 2044 1066 2098 meet
1088 2057 1145 2118 ego
1173 2033 1207 2097 in
1236 2035 1326 2098 uobis
1352 2035 1434 2100 sicut

307 2125 499 2184 sarmentum
522 2141 585 2183 non
607 2123 710 2203 potest
732 2116 870 2184 fructum
893 2119 975 2184 ferre
997 2120 1036 2183 ab
1058 2141 1092 2184 se
1115 2118 1176 2184 nisi
1199 2120 1385 2184 remanserit
1399 2121 1433 2184 in

305 2205 372 2270 uite
397 2256 403 2268 .
427 2205 470 2269 sic
500 2226 559 2270 nec
585 2227 641 2268 uos
670 2203 732 2268 nisi
759 2203 939 2270 manseritis
965 2204 997 2269 in
1024 2228 1084 2268 me.
1130 2216 1146 2268 5
1169 2205 1237 2288 Ego
1264 2229 1332 2268 sum
1356 2205 1438 2270 uitis

308 2312 365 2355 uos
387 2297 545 2355 sarmenta
568 2288 624 2373 qui
645 2295 752 2354 manet
774 2290 808 2354 in
830 2313 882 2354 me
904 2297 937 2355 et
958 2313 1016 2374 ego
1038 2289 1070 2353 in
1095 2313 1132 2354 eo
1155 2341 1162 2355 .
1186 2290 1230 2355 sic
1252 2290 1332 2355 feret
1354 2290 1433 2356 fruc·

305 2381 372 2440 tum
396 2376 532 2440 multum
555 2374 627 2461 qnia
649 2374 717 2440 sine
739 2397 790 2440 me
813 2374 895 2438 nihil
916 2376 1047 2460 potestis
1069 2375 1172 2440 facere
1215 2375 1279 2440 691
1303 2374 1373 2460 quis
1400 2377 1435 2440 in

305 2484 356 2526 me
387 2475 434 2505 ¹²⁰⁰
462 2459 612 2525 manserit
629 2460 787 2546 proiectus
803 2460 863 2524 erit
885 2459 967 2525 sicut
988 2472 1183 2526 sarmentum
1206 2513 1212 2524 .
1236 2467 1269 2526 et
1290 2464 1380 2526 arefit
1402 2471 1434 2527 et
1531 2539 1535 2545 ⁵

307 2546 459 2629 colligunt
481 2545 562 2610 illud
584 2551 616 2610 et
637 2545 671 2609 in
694 2545 800 2628 ignem
822 2545 955 2612 mittunt
977 2556 1010 2610 et
1031 2547 1119 2611 ardet
1163 2557 1178 2610 7
1200 2547 1227 2612 si
1255 2547 1438 2612 manseritis

303 2632 337 2696 in
361 2655 412 2695 me
435 2639 467 2696 et
489 2632 586 2696 uerba
608 2654 679 2694 mea
702 2631 735 2694 in
758 2631 848 2696 uobis
870 2631 1045 2696 manserint
1067 2632 1150 2717 quod
1173 2631 1271 2696 uultis
1286 2632 1386 2718 petite
1401 2642 1437 2698 et

304 2718 360 2781 fiet
402 2729 419 2782 8
442 2717 475 2780 in
499 2717 558 2781 hoc
580 2715 771 2798 glorificatus
795 2725 841 2780 est
864 2724 954 2799 pater
974 2740 1064 2782 mens
1086 2725 1122 2782 ut
1144 2718 1280 2782 fructum
1297 2718 1433 2782 multum

306 2801 416 2866 feratis
431 2806 462 2866 et
477 2801 546 2866 sitis
561 2799 709 2886 discipuli
725 2801 796 2867 mei.
827 2814 844 2866 9
859 2802 942 2868 sicut
957 2801 1069 2866 dilexit
1084 2826 1136 2866 me
1150 2814 1240 2888 pater
1255 2809 1286 2868 et
1302 2826 1358 2886 ego
1375 2825 1437 2868 uos

305 2886 403 2950 dilexi
425 2893 551 2951 manete
574 2886 607 2950 in
631 2886 760 2966 caritate
784 2911 860 2952 mea.
908 2900 942 2953 10
957 2887 992 2954 Si
1015 2887 1164 2953 mandata
1178 2911 1248 2952 mea
1263 2890 1432 2954 serbaueri-

307 2971 348 3036 tis
362 2973 498 3036 manetis
513 2975 545 3035 in
562 2970 690 3036 caritate
712 2971 793 3038 sicut
813 2984 845 3036 et
865 2995 923 3049 ego
943 2972 1092 3037 mandata
1112 2974 1210 3058 patris
1229 2975 1292 3037 mei
1307 2974 1432 3039 serusbi

307 3062 338 3121 et
360 3079 472 3122 maneo
490 3055 523 3121 in
546 3056 614 3121 eius
633 3056 772 3121 caritate.
808 3069 839 3120 11
863 3058 956 3123 Haec
973 3059 1097 3123 locutus
1114 3082 1184 3123 sum
1199 3055 1289 3124 uobis
1303 3065 1339 3124 ut
1360 3082 1441 3143 gau-¹

306 3141 394 3206 dium
409 3165 514 3206 meum
531 3141 564 3205 in
582 3141 672 3206 uobis
689 3143 731 3206 sit
746 3151 778 3206 et
797 3144 946 3226 gaudium
967 3152 1109 3209 nestrum
1125 3144 1301 3229 impleatur.
1325 3147 1437 3209 121199

306 3236 354 3292 est
364 3226 550 3291 mandatum
562 3250 667 3290 meum
679 3237 716 3293 ut
727 3226 866 3312 diligatis
880 3228 1018 3294 inuicem
1033 3281 1039 3292 .
1053 3230 1134 3295 sicut
1145 3228 1244 3293 dilexi
1257 3252 1314 3294 uos
1331 3242 1362 3293 13
1371 3254 1432 3294 ma·

305 3313 403 3376 iorem
427 3313 508 3377 hanc
532 3312 694 3377 caritatem
717 3335 809 3378 nemo
832 3315 927 3378 babet
948 3321 984 3378 ut
999 3317 1137 3379 animam
1153 3338 1241 3378 suam
1258 3323 1354 3399 ponat
1376 3338 1436 3401 pro

305 3397 414 3462 amicis
436 3397 494 3461 sui.
540 3407 574 3461 14
595 3421 652 3462 nos
674 3397 771 3462 amici
793 3398 855 3463 mei
879 3400 954 3465 estis
982 3401 1010 3464 si
1038 3400 1177 3464 feceritis
1207 3400 1290 3484 quod
1317 3401 1436 3465 mando

304 3482 394 3548 uobis
438 3493 472 3546 15
494 3481 558 3546 iam
573 3505 637 3547 non
652 3482 720 3548 dico
736 3507 791 3548 uos
809 3505 916 3549 seruos
935 3486 1084 3582 quoniam
1103 3486 1211 3550 serbus
1232 3483 1334 3549 nescit
1356 3485 1432 3570 quid

304 3567 400 3632 faciat
422 3569 482 3632 dns
505 3567 573 3633 eius
595 3591 651 3632 uos
674 3576 779 3633 autem
804 3569 870 3633 dixi
893 3592 1009 3636 amicos
1036 3570 1111 3656 quia
1137 3569 1243 3634 omnia
1269 3593 1350 3655 quae
1376 3595 1430 3635 au·

304 3653 373 3718 diui
394 3676 412 3717 a
434 3664 523 3737 patre
546 3675 616 3717 meo
639 3653 839 3719 manifestari
861 3655 951 3718 uobis
994 3668 1027 3720 16
1053 3679 1116 3721 non
1145 3678 1202 3720 uos
1228 3680 1279 3720 me
1302 3655 1446 3741 elegistis

304 3739 357 3803 scd
374 3761 431 3821 ego
446 3762 503 3803 uos
519 3738 600 3822 elegi
617 3738 709 3823 posui
727 3762 783 3804 uos
800 3748 836 3804 ut
851 3763 907 3805 uos
923 3740 1003 3806 eatis
1019 3749 1051 3807 et
1065 3741 1203 3805 fructum
1219 3740 1387 3807 adferatis.
1401 3751 1433 3806 et

304 3823 425 3888 fructus
447 3829 553 3888 uester
576 3830 680 3889 estut
702 3823 728 3888 si
751 3825 827 3907 quid
849 3825 1005 3910 petieritis
1027 3831 1148 3912 patrem
1164 3826 1197 3889 in
1213 3827 1342 3891 nomine
1361 3851 1436 3892 meo

304 3910 357 3974 det
379 3909 468 3974 uobis
513 3909 661 3973 17.Haec
683 3911 797 3973 mando
820 3909 909 3974 uobis
934 3911 1058 3996 diligite
1080 3911 1218 3976 inuicem
1263 3923 1296 3976 18
1318 3912 1345 3977 si
1368 3936 1432 3977 sae·

304 3995 409 4059 culum
443 4016 499 4058 uos
532 3994 600 4059 odis
632 3995 743 4058 scitote
775 3995 924 4080 quoniam
957 4020 1009 4061 me
1031 3996 1132 4083 primo
1155 3996 1242 4061 odiit.
1287 4009 1320 4062 19
1342 3998 1369 4062 si
1392 3999 1434 4062 de

303 4080 427 4145 saeculo
460 4079 570 4145 essetis
606 4081 764 4144 saeculum
796 4080 880 4164 quod
909 4103 1001 4146 suum
1032 4091 1114 4147 esset
1141 4087 1261 4146 amaret
1289 4082 1364 4167 quia
1392 4085 1435 4148 de

304 4166 428 4230 saeculo
455 4187 518 4228 non
547 4165 621 4230 estis
649 4170 681 4229 et
708 4188 764 4249 ego
792 4165 874 4249 elegi
896 4189 953 4230 uos
975 4167 1014 4237 de
1036 4167 1161 4232 saeculo
1177 4171 1343 4252 propterea
1365 4169 1436 4234 odit

303 4272 360 4315 uos
395 4250 554 4316 saeculum
599 4261 634 4314 20
670 4257 861 4316 mementote
898 4275 1059 4318 sermones
1095 4275 1188 4337 quem
1226 4252 1294 4316 dixi
1330 4253 1429 4318 uobis.

257 4370 261 4379 ·
304 4334 377 4399 Non
407 4341 455 4400 est
483 4337 591 4400 serbus
620 4335 720 4400 maior
747 4337 809 4400 dno
837 4359 893 4401 suo
922 4338 950 4401 si
971 4362 1023 4403 me
1045 4337 1203 4424 persecuti
1224 4343 1299 4402 sunt
1320 4346 1352 4402 et
1373 4361 1435 4404 uos

304 4427 532 4506 persequentur
553 4421 580 4484 si
603 4443 778 4486 sermonem
803 4445 908 4486 meum
932 4426 1103 4489 serbabnnt
1118 4435 1150 4487 et
1165 4429 1305 4487 uestrum
1328 4425 1433 4488 serba-

304 4506 383 4570 bunt
425 4517 457 4569 21
480 4505 535 4570 sed
558 4506 636 4571 haec
658 4509 762 4571 omnia
785 4505 907 4572 faciunt
929 4511 1019 4575 uobis
1040 4518 1168 4595 propter
1189 4530 1304 4572 nomeu
1324 4532 1429 4573 meum
