3667 5284
424 493 446 554 4
927 492 977 546 Er.
997 498 1051 547 999
1393 495 1425 550 (l.
1445 496 1547 548 1111.

426 691 459 745 19
493 679 531 743 19
564 679 656 744 99119
688 678 774 743 99119
802 685 923 744 exeunt
948 679 1154 764 cogitationes¹
1186 681 1287 745 malae
1319 680 1489 747 homicidia
1518 690 1552 748 et

424 764 581 830 adulteria
597 813 604 826 .
620 763 842 830 fornicationes
859 815 864 828 .
881 765 1062 830 testimonia
1084 764 1163 830 falsa
1180 817 1186 828 .
1204 765 1376 830 blasfemia.
1421 770 1550 834 2011999

425 861 500 916 sunt
522 850 858 934 quaecommunicant
879 850 1040 915 hominem
1063 900 1069 912 .
1094 873 1157 914 non
1179 851 1252 916 lotis
1275 859 1381 916 autem
1404 854 1551 918 manibus

424 936 517 1001 edere
540 958 603 1000 non
626 934 809 1020 coinquinat
830 937 1000 1000 hominem.
1045 947 1078 999 21
1100 937 1146 1000 Et
1167 961 1239 1001 cum
1262 936 1378 1002 exisset
1400 939 1474 1004 1919
1496 940 1548 1002 ihs

426 1019 553 1087 secessit
575 1021 608 1086 in
630 1031 734 1105 partes
756 1021 859 1105 syriae
877 1029 909 1086 et
931 1021 1050 1086 sidonis
1092 1033 1127 1084 22
1149 1031 1181 1086 91
1196 1045 1266 1087 9999
1282 1022 1397 1087 1991191
1411 1046 1550 1089 cananea

423 1131 444 1170 a
465 1107 580 1170 finibus
602 1105 665 1170 illis
687 1106 797 1171 exiens
821 1106 1011 1172 exclamauit
1033 1106 1140 1171 dicens
1155 1107 1304 1172 miserere
1326 1109 1406 1172 mihi
1426 1110 1489 1173 1119
1503 1111 1550 1174 fili

424 1191 522 1256 dauid
535 1243 541 1256 .
554 1193 620 1256 filia
633 1214 704 1256 mea
718 1193 801 1256 male
816 1193 981 1258 daemonio
996 1203 1139 1258 uexatur.
1173 1203 1207 1256 23
1222 1193 1283 1256 Ι119
1298 1201 1404 1258 autem
1417 1195 1549 1259 uerbum

425 1277 474 1342 illi
495 1300 557 1341 999
580 1277 742 1364 199999111
758 1330 763 1340 .
781 1284 897 1343 etcum
915 1277 1118 1342 accessissent
1133 1277 1280 1364 discipuli
1304 1280 1550 1345 obsecrauerunt

425 1387 498 1427 eum
531 1362 670 1428 dicentes
693 1362 822 1428 demitte
850 1363 936 1428 illam
968 1363 1031 1428 1119
1060 1362 1208 1448 quoniam
1240 1364 1355 1428 clamat
1382 1372 1453 1449 post
1481 1389 1547 1430 uos.

422 1448 541 1513 241119
564 1455 670 1513 991991
693 1447 853 1534 respondit
875 1457 907 1512 et
929 1447 1012 1512 dixit
1033 1471 1096 1511 999
1119 1472 1187 1513 9919
1211 1449 1325 1514 1919999
1340 1449 1404 1513 9191
1419 1451 1458 1513 91
1473 1473 1549 1516 9999

425 1556 506 1620 9999
532 1532 694 1620 991191991
722 1535 832 1597 domus
859 1533 1004 1597 isdrahel.
1049 1544 1083 1597 26
1105 1534 1167 1598 Ι119
1195 1543 1302 1598 991991
1331 1535 1492 1620 respondit
1517 1544 1549 1601 91

424 1618 507 1683 dixit
528 1643 591 1682 non
614 1625 662 1684 est
683 1619 800 1684 bonum
822 1619 963 1704 accipere
984 1619 1250 1702 pauemfiliorum
1268 1620 1440 1686 9119111919
1466 1622 1549 1686 9991-

424 1707 490 1770 bus.
535 1715 568 1768 27
591 1705 653 1768 Illa
675 1710 781 1768 autem
803 1703 885 1768 dixit
900 1704 945 1768 ita
960 1704 1022 1768 1119
1038 1713 1070 1768 91
1086 1727 1179 1769 99999
1195 1705 1293 1769 91991
1308 1705 1346 1770 19
1362 1705 1452 1770 191919
1467 1730 1548 1792 quae

422 1790 540 1856 cadunt
562 1813 580 1854 9
602 1813 710 1855 199999
732 1789 929 1854 dominorum
952 1812 1089 1854 suorum.
1134 1800 1168 1854 28
1190 1789 1281 1854 Tunc
1312 1790 1474 1876 respondit
1495 1791 1547 1856 ihs

423 1887 457 1941 et
479 1875 561 1940 dixit
582 1876 630 1939 illi
652 1899 670 1939 o
693 1874 807 1940 mulier
822 1898 935 1958 magna
953 1881 1001 1939 991
1016 1875 1093 1939 fides
1108 1882 1163 1940 tua
1177 1878 1233 1939 fiat
1246 1875 1306 1940 tibi
1320 1875 1402 1941 sicut
1416 1881 1452 1941 tu
1467 1876 1517 1942 uis
1540 1927 1547 1940 .

423 1979 457 2026 91
478 1969 587 2026 991919
608 1966 656 2026 991
683 1960 749 2024 filia
779 1961 847 2025 eius
873 1961 908 2024 in
937 1959 992 2024 illa
1019 1961 1104 2026 hora.
1149 1971 1183 2025 28
1209 1961 1254 2026 Et
1284 1984 1357 2025 cum
1386 1962 1549 2028 transisset

424 2046 498 2111 inde
520 2046 572 2110 ihs
595 2046 684 2110 uenit
706 2046 744 2110 91
776 2069 862 2109 19919
892 2046 1026 2129 galileae
1055 2057 1088 2110 et
1114 2048 1254 2112 ascendit
1284 2045 1317 2109 in
1348 2052 1487 2112 montem
1517 2062 1548 2114 91

423 2131 506 2198 99111
528 2131 595 2197 11119
637 2143 672 2196 30
693 2136 725 2196 et
746 2140 944 2197 accesserunt
965 2130 1005 2194 91
1026 2154 1100 2195 9919
1122 2132 1232 2196 turbae
1253 2132 1373 2196 multae
1395 2133 1547 2198 habentes

423 2240 530 2282 secum
553 2216 662 2282 surdos
685 2217 799 2282 multos
822 2239 929 2282 999999
956 2216 1060 2281 919199
1087 2221 1120 2281 91
1146 2217 1225 2281 91199
1252 2218 1367 2282 1991199
1395 2228 1428 2282 91
1449 2219 1549 2284 subie-

423 2313 536 2368 cerunt
565 2325 618 2368 eos
652 2301 782 2388 pedibus
816 2301 884 2366 eius
914 2309 946 2367 et
974 2301 1100 2367 curauit
1128 2325 1180 2366 eos
1222 2313 1256 2366 31
1290 2303 1335 2367 ita
1369 2311 1405 2368 ut
1437 2305 1547 2368 turbae

422 2389 663 2452 admirarentur.
709 2386 792 2452 Oum
818 2387 965 2451 uiderent
993 2387 1102 2452 surdos
1129 2386 1294 2452 audientes
1316 2388 1420 2453 clodos
1443 2391 1547 2454 ambu-

424 2475 525 2538 lantes
548 2480 580 2537 et
602 2496 708 2538 caecos
731 2472 876 2537 uidentes
899 2482 932 2536 91
946 2473 1159 2538 clarificabant
1173 2473 1226 2536 d1'1‘1
1242 2472 1388 2538 isdrahel.
1433 2485 1467 2537 32
1489 2474 1547 2537 Ihs

425 2568 530 2623 autem
564 2558 646 2624 dixit
680 2557 842 2643 discipulis
877 2557 943 2622 suis
975 2559 1176 2623 contristatus
1211 2583 1282 2622 sum
1314 2581 1409 2643 super
1440 2561 1547 2622 turbas

422 2645 575 2730 quoniam
601 2643 665 2708 iam
694 2651 758 2708 tres
789 2643 856 2708 dies
884 2652 959 2707 sunt
988 2644 1070 2728 quod
1101 2667 1225 2709 mecum
1254 2651 1384 2707 manent
1420 2649 1451 2707 et
1483 2665 1546 2706 non

424 2731 541 2794 habent
561 2728 644 2814 quod
667 2729 762 2793 edant
784 2734 898 2793 91999
921 2732 1079 2793 remittam
1103 2752 1155 2794 eos
1178 2729 1366 2794 9191919999
1395 2727 1547 2796 nerforte

424 2814 571 2880 deficiant
586 2815 619 2878 in
634 2814 695 2878 uia.
741 2825 774 2878 33
796 2821 829 2878 et
851 2815 941 2878 aiunt
963 2814 1009 2878 illi
1025 2813 1170 2900 discipuli
1187 2815 1270 2878 unde
1286 2836 1358 2897 ergo
1374 2812 1407 2876 iu
1424 2814 1545 2878 deserto

424 2901 515 2965 nobis
542 2923 638 2986 panes
665 2907 805 2964 saturare
832 2901 953 2964 turbam
983 2908 1113 2964 tantam.
1164 2911 1200 2964 34
1230 2901 1275 2963 Et
1304 2899 1381 2963 dicit
1408 2898 1469 2962 illi⁸
1495 2899 1547 2962 ihs

422 2986 508 3071 quod
539 3008 636 3071 panes
669 2984 792 3050 habetis
823 2984 871 3048 illi
900 2994 1005 3049 autem
1033 2984 1183 3050 dixerunt
1212 2996 1332 3070 septem
1366 2990 1398 3049 et
1431 3007 1548 3068 paucos

423 3071 599 3156 pisciculos.
644 3082 678 3135 35
701 3078 733 3135 et
754 3070 913 3157 praecepit
946 3070 1045 3134 turbis
1079 3071 1274 3136 discumbere
1306 3093 1401 3155 super
1432 3077 1546 3135 terram

421 3169 458 3222 36
490 3165 521 3221 91
550 3158 669 3241 9999911
696 3179 793 3241 99999
822 3161 854 3219 91
875 3155 976 3241 pisces
1010 3155 1172 3220 benedixit
1205 3165 1237 3221 91
1269 3155 1363 3240 fregit
1396 3161 1428 3219 et
1461 3155 1548 3220 dedit

423 3241 615 3311 discentibus
648 3242 713 3306 suis
746 3240 889 3306 discentes
920 3249 1025 3306 991991
1055 3242 1155 3306 turbis
1209 3254 1243 3306 37
1277 3248 1308 3306 91
1338 3241 1547 3306 manducaue·

424 3334 499 3393 1991
520 3350 628 3392 991999
650 3335 682 3391 91
704 3326 809 3391 9911911
831 3342 902 3390 9991
918 3338 951 3391 91
971 3327 1054 3412 quod
1077 3326 1231 3413 superfuit
1250 3328 1289 3391 de
1315 3326 1448 3411 panibus
1470 3326 1548 3389 tule-

424 3420 498 3478 runt
529 3419 648 3498 septem
678 3419 799 3497 sportas
830 3412 948 3496 plenas.
992 3424 1026 3476 38
1049 3413 1104 3495 qui
1129 3413 1263 3478 edebant
1288 3420 1394 3476 autem
1419 3409 1548 3475 fuerunt

422 3506 572 3584 quattuor
594 3496 682 3562 milia
704 3497 866 3561 hominum
884 3498 1024 3583 exceptis
1038 3497 1145 3582 pueris
1161 3506 1193 3563 et
1208 3498 1399 3562 mulieribus.
1445 3507 1479 3559 39
1501 3496 1546 3560 Et

423 3608 496 3649 cum
512 3583 704 3648 demississet
725 3584 848 3647 turbam
872 3582 1012 3648 ascendit
1033 3607 1148 3648 nauem
1171 3592 1203 3648 et
1225 3583 1314 3649 uenit
1336 3581 1375 3645 ad
1397 3580 1547 3646 terminos

424 3669 585 3734 19999199.
1562 3674 1566 3681 ’

476 3723 494 3754 ⁵
508 3754 606 3820 XVI.
652 3765 666 3816 1
689 3753 825 3818 Etcum
848 3752 1052 3819 accessissent
1073 3753 1200 3818 farisaei
1223 3759 1255 3817 et
1278 3750 1426 3816 sadducei
1448 3757 1546 3836 temp·

424 3846 527 3904 199199
560 3839 833 3922 interragauerunt
862 3863 934 3903 eum
965 3845 1001 3903 91
1029 3838 1154 3922 signum
1185 3839 1223 3903 19
1253 3838 1338 3903 99919
1368 3837 1548 3901 9919919191

421 3925 495 3989 11119.
540 3935 557 3988 2
579 3925 640 3988 Ille
667 3932 772 3989 autem
799 3923 962 4010 respondit
992 3932 1023 3988 et
1051 3925 1132 3989 dixit
1154 3924 1217 3987 illis
1241 3946 1313 3986 cum
1335 3945 1404 3986 sero
1427 3922 1546 4003 factum

421 4018 471 4075 est
493 4009 604 4074 dicites
626 4032 773 4074 serenum
796 4019 843 4074 est
866 4010 1078 4074 rubicundum
1101 4017 1149 4074 est
1164 4009 1248 4072 euim
1266 4008 1388 4072 caelum
1422 4019 1547 4072 391999

423 4094 517 4160 hodie
540 4102 731 4181 tempestas.
755 4095 965 4159 rubicundum
982 4100 1028 4160 est
1043 4094 1128 4157 enim
1151 4117 1223 4158 cum
1245 4093 1408 4159 tristitiam
1427 4093 1548 4156 caelum

421 4192 441 4244 4
469 4181 632 4266 hypocrite
665 4181 778 4246 l'aciem
817 4181 942 4265 quidem
976 4180 1055 4245 caeli
1086 4179 1185 4244 nostis
1217 4179 1393 4244 discernere
1428 4176 1547 4260 .signa

425 4272 531 4331 autem
552 4275 726 4353 temporum
752 4289 812 4330 999
836 4265 966 4351 99199119
987 4266 1065 4330 99119
1094 4265 1255 4348 generatio
1283 4287 1386 4348 nequa
1416 4261 1549 4346 inquirit

424 4352 549 4436 signum
572 4359 604 4415 et
626 4352 750 4434 signum
773 4375 835 4415 non
858 4351 983 4415 dabitur
998 4350 1045 4414 illi
1061 4350 1121 4414 nisi
1139 4349 1263 4434 signum
1278 4351 1370 4413 ionae
1386 4347 1545 4432 profetae.

423 4448 457 4502 et
489 4436 615 4502 demisit
647 4446 678 4501 et
707 4436 784 4501 abiit
837 4447 853 4500 5
887 4447 920 4500 et
948 4459 1018 4500 cum
1046 4436 1209 4500 uenissent
1234 4447 1320 4499 trans
1347 4457 1433 4497 19919
1457 4431 1548 4496 obliti

422 4532 498 4588 sunt
524 4521 670 4607 discipuli
699 4544 803 4586 emere
832 4544 937 4607 panes.
982 4533 998 4586 6
1024 4523 1082 4585 Its
1111 4526 1217 4586 autem
1246 4520 1328 4585 dixit
1349 4518 1413 4584 illis
1441 4517 1548 4583 uidete
