3667 5284
308 479 337 534 G.
357 481 398 533 19.
418 481 460 532 20.
824 477 925 532 Matth.
1240 495 1243 499 ·
1413 479 1437 542 9

307 671 414 730 autem
436 664 486 729 uis
509 664 548 730 ad
569 665 670 730 uitam
693 663 804 729 uenire
826 685 918 730 serua
940 665 1096 730 mandata.
1142 678 1175 730 18
1197 665 1242 730 ait
1264 665 1311 729 illi
1327 688 1434 750 quae.

308 748 384 816 dicit
415 749 465 813 illi
492 773 555 816 nou
585 750 698 816 occidis
732 774 795 814 000
824 749 1019 816 moecaueris
1049 801 1055 813 .
1090 772 1153 814 000
1185 750 1341 815 100000010
1369 773 1432 815 000

307 836 423 900 falsum
445 835 663 900 testimouium
685 835 772 900 dicis.
819 845 851 898 19
873 837 993 900 honora
1014 841 1136 922 patrem
1160 841 1192 901 02
1214 847 1347 901 matrem
1370 883 1377 898 .
1401 845 1434 900 et

308 919 421 1004 diliges
450 921 631 1005 proximum
659 928 750 986 tuum
779 927 939 1006 tamquam
968 931 1000 986 te
1027 921 1140 1006 ipsum.
1191 931 1226 986 20
1258 921 1353 985 Dixit
1385 921 1434 984 illi

308 1005 505 1071 1110ῑο00010
528 1005 634 1071 omnia
655 1005 715 1071 ista
738 1007 904 1073 obseruaui
920 1031 938 1070 a
953 1006 1120 1071 iuuentute
1142 1029 1213 1070 mea
1235 1008 1311 1091 quid
1333 1006 1436 1071 adhuc

212 1104 214 1107 ’
308 1090 389 1155 mihi
418 1092 514 1157 deest.
559 1103 592 1156 21
616 1091 676 1156 Ait
707 1091 753 1155 illi
782 1090 833 1155 ihs
868 1092 895 1156 si
923 1091 972 1156 uis
1005 1091 1164 1178 perfectus
1195 1115 1262 1156 esse
1291 1092 1373 1156 uade
1402 1101 1434 1156 02

307 1177 410 1242 uende
434 1182 465 1242 02
488 1177 590 1241 uende
616 1175 722 1241 omnia
745 1182 799 1241 tua
822 1182 853 1242 02
876 1178 915 1241 da
938 1178 1046 1261 egenis
1069 1185 1101 1242 et
1127 1177 1256 1242 habebis
1284 1179 1431 1241 thensau-

309 1284 379 1326 rum
402 1261 435 1326 in
458 1262 552 1327 caelis
577 1311 583 1324 .
608 1271 639 1327 et
661 1261 737 1326 ueni
752 1285 884 1346 sequere
900 1286 960 1328 me.
1005 1273 1039 1326 22
1061 1263 1191 1328 Etcum
1214 1263 1273 1326 hcc
1295 1263 1434 1326 audisset

309 1346 509 1412 contristatus
531 1354 579 1413 est
602 1398 608 1410 .
633 1347 694 1412 fuit
717 1347 801 1411 enim
831 1348 963 1413 habiens
992 1348 1121 1412 diuitias
1150 1348 1274 1412 multas.
1319 1359 1353 1412 23
1374 1348 1436 1411 Iis

307 1441 413 1496 autem
436 1433 518 1499 dixit
540 1433 704 1519 discipulis
726 1433 792 1497 suis
814 1455 906 1498 amen
930 1433 999 1498 dico
1025 1435 1113 1498 uobis
1135 1433 1284 1517 quoniam
1305 1432 1433 1498 difficile

308 1517 391 1582 diuis
414 1517 530 1603 poterit
561 1519 691 1583 introire
718 1518 752 1582 in
783 1541 879 1600 regna
911 1520 1078 1584 caelorum.
1122 1529 1157 1582 24
1178 1520 1299 1584 Iterum
1327 1525 1433 1583 autem

308 1601 376 1668 dico
399 1602 488 1668 uobis
510 1604 637 1669 facilius
660 1611 708 1668 est
731 1605 861 1668 camella
888 1627 945 1690 per
974 1626 1108 1668 causina
1140 1626 1214 1668 acus
1243 1605 1433 1688 pertransire

240 1735 241 1739 =
309 1711 403 1773 quam
435 1687 567 1754 diuitem
599 1688 730 1753 introire
763 1688 797 1752 in
832 1712 929 1772 regna
960 1691 1128 1754 caelorum.
1171 1699 1206 1753 25
1230 1689 1311 1753 Cum
1334 1689 1434 1754 audis·

308 1783 378 1839 sent
411 1783 517 1838 autem
558 1773 705 1860 discipuli
738 1775 907 1860 stupebant
941 1785 973 1838 02
1009 1776 1193 1840 metuebant
1229 1775 1434 1839 uehementer

308 1859 447 1925 diceutes
475 1859 619 1944 quisnam
650 1858 765 1944 poterit
793 1859 918 1924 scluari.
967 1870 1002 1924 25
1028 1860 1214 1946 Respiciens
1248 1866 1353 1924 autem
1382 1860 1436 1923 iis

308 1943 390 2009 dixit
417 1944 481 2008 illis
510 1947 592 2030 apud
621 1944 766 2009 hemines
794 1946 854 2010 hoc
880 1945 1063 2030 inpossibile
1091 1951 1138 2010 est
1165 1946 1248 2030 apud
1277 1947 1352 2009 dnm
1382 1969 1433 2009 au·
1517 1968 1519 1974 ·

308 2039 372 2094 tem
402 2029 508 2093 omnic
535 2029 696 2116 possibilia
724 2035 807 2095 0002.
866 2041 899 2111 27
940 2031 1032 2096 Tunc
1067 2030 1229 2128 respondit
1256 2040 1364 2116 petrus
1402 2038 1434 2095 et

309 2114 392 2179 dixit
414 2115 461 2178 illi
485 2136 557 2181 ecce
579 2138 636 2180 nos
658 2115 836 2180 dimisimus
858 2115 965 2180 omnia
987 2125 1019 2181 et
1033 2127 1133 2180 secuti
1156 2139 1265 2180 sumus
1288 2121 1320 2180 te
1342 2115 1432 2200 quid·

310 2223 381 2263 nam
411 2201 470 2264 erit
497 2200 594 2266 nobis.
639 2211 674 2265 28
702 2201 764 2264 1110
793 2207 897 2266 autem
925 2201 1007 2266 dixit
1035 2201 1099 2265 illis
1127 2224 1219 2265 amen
1252 2200 1321 2266 dico
1343 2202 1437 2266 uobis

310 2285 457 2368 quoniam
483 2309 538 2351 uos
561 2285 617 2372 qui
641 2309 693 2350 me
709 2286 829 2351 saecuti
845 2287 920 2352 estis
935 2286 968 2350 in
984 2286 1212 2351 resurrectione
1229 2309 1300 2350 cum
1315 2285 1433 2351 sederit

308 2371 393 2435 filius
422 2367 559 2436 hominis
589 2373 621 2436 in
651 2372 764 2436 throno
794 2371 949 2436 claritatis
970 2395 1046 2436 suae
1068 2372 1184 2437 sedetis
1206 2379 1238 2436 02
1261 2394 1317 2437 000
1339 2395 1436 2458 00000

270 2476 275 2486 ·
309 2456 474 2521 duodecim
497 2458 626 2522 thronos
649 2456 824 2522 iudicantes
853 2457 1019 2522 duodecim
1039 2458 1138 2522 tribus
1166 2457 1303 2522 isdrahel
1345 2468 1379 2522 29
1401 2466 1436 2522 02

310 2541 411 2605 omnis
440 2541 633 2627 quicumque
660 2541 837 2607 dimiserint
859 2542 969 2607 domos
992 2551 1024 2607 et
1045 2565 1135 2626 agros
1157 2550 1212 2607 aut
1238 2542 1350 2606 fratres
1378 2553 1433 2607 aut

308 2649 427 2692 sorores
454 2636 509 2694 aut
529 2629 610 2692 filios
634 2677 641 2689 .
665 2634 720 2692 002
741 2637 887 2713 00000200
910 2651 1003 2692 00000
1029 2627 1166 2692 nominis
1195 2628 1259 2692 mei
1286 2677 1293 2690 .
1323 2638 1355 2692 et
1381 2628 1436 2692 hic

308 2713 491 2798 centuplum
514 2714 647 2799 accipiet
670 2719 702 2777 et
724 2713 757 2776 in
780 2713 886 2778 futuro
909 2715 1009 2778 uitam
1032 2720 1192 2778 aeternam
1216 2721 1432 2798 consequetur.

308 2809 342 2861 30
363 2799 459 2862 Multi
482 2808 587 2864 autem
611 2808 704 2864 erunt
725 2798 820 2883 primi
843 2799 1010 2863 nouissimi
1033 2806 1064 2863 et
1085 2799 1252 2863 nouissimi
1273 2799 1376 2883 primi.

392 2883 474 2948 XX.
520 2897 544 2947 1.
591 2883 704 2948 Simile
745 2891 792 2949 est
825 2907 957 2969 regnum
991 2885 1146 2949 caelorum
1186 2883 1308 2948 homini
1341 2885 1433 2969 patri-

310 2967 446 3033 tamilias
468 2969 522 3053 qui
546 2970 646 3033 exiuit
667 2968 768 3054 primo
784 2993 877 3033 mane
893 2969 1067 3034 conducere
1082 2969 1240 3054 operarios
1255 2970 1288 3033 in
1306 2970 1432 3034 uineam

309 3074 406 3116 suam.
429 3065 446 3116 2
463 3065 494 3118 02
506 3055 654 3119 conuenit
665 3055 711 3118 illi
725 3077 795 3119 cum
808 3056 959 3140 operariis
977 3054 1105 3119 denario
1117 3053 1230 3119 diurno
1239 3063 1272 3118 et
1283 3055 1369 3119 misit
1381 3079 1434 3119 eos

309 3136 342 3200 in
365 3137 489 3202 niueam
512 3162 610 3203 suam.
640 3151 656 3204 3
673 3147 704 3204 et
721 3139 823 3204 exiuit
838 3141 921 3205 circa
938 3141 1066 3204 tertiam
1081 3141 1191 3203 horam
1207 3151 1238 3204 02
1256 3140 1337 3204 uidit
1355 3140 1437 3205 alios

309 3229 427 3287 stantes
444 3224 570 3288 ostiosos
587 3226 619 3287 in
637 3224 704 3289 fore
726 3232 787 3289 4et
798 3225 877 3290 dicit
888 3225 952 3290 illis
964 3225 1008 3291 ite
1020 3233 1051 3289 02
1063 3248 1120 3290 000
1131 3225 1165 3288 10
1184 3227 1310 3289 uincam
1330 3249 1431 3289 meam

309 3317 341 3372 02
357 3309 439 3392 quod
458 3308 554 3374 fuerit
573 3309 732 3374 mercedes
750 3311 877 3374 nomine
894 3311 973 3374 dabo
991 3311 1089 3375 uobis,
1124 3310 1337 3375 5Ι110002000
1353 3311 1434 3375 abie-

309 3403 383 3458 runt
394 3393 509 3458 iterum
525 3394 627 3460 exiuit
637 3395 715 3459 circa
726 3407 846 3460 sextam
860 3402 892 3460 et
903 3419 1018 3460 nonam
1027 3401 1059 3460 02
1070 3395 1145 3460 fecit
1155 3395 1310 3461 similiter.
1326 3395 1437 3460 601000

309 3478 510 3543 undecimam
538 3484 644 3544 autem
667 3481 775 3544 horam
800 3503 870 3544 cum
894 3482 1013 3545 exisset
1035 3480 1113 3545 alios
1135 3481 1261 3545 inuenit
1282 3489 1401 3546 stantes
1419 3513 1432 3543 a

309 3568 340 3627 et
369 3564 413 3628 ait
441 3565 505 3628 illis
534 3566 610 3649 quid
642 3565 693 3630 hic
722 3565 814 3630 statis
843 3572 908 3630 2020
931 3575 945 3631 2
967 3566 1018 3629 die
1047 3566 1148 3631 otiosi.
1194 3577 1209 3630 7
1236 3566 1359 3631 Dicunt
1386 3567 1436 3630 illi

308 3649 457 3733 quoniam
480 3673 572 3715 nemo
595 3673 652 3714 000
675 3651 848 3716 conduxit.
870 3651 952 3715 dixit
973 3651 1037 3715 illis
1059 3655 1103 3715 ite
1126 3660 1158 3715 et
1178 3674 1236 3716 uos
1259 3651 1434 3738 operamini

214 3768 216 3772 ·
308 3733 341 3797 in
364 3734 490 3799 uincam
514 3759 625 3800 meam.
670 3736 788 3800 SSerc
819 3735 1437 3802 0020010020(1101210001000010000

308 3819 501 3903 procuratori
523 3843 579 3885 000
602 3844 680 3886 0000
703 3822 860 3906 operarios
883 3829 916 3885 02
937 3822 1033 3886 redde
1053 3821 1116 3884 illis
1135 3823 1335 3886 mercedem.
1358 3823 1433 3888 inci·

308 3904 398 3989 piens
422 3928 440 3969 0
461 3905 652 3971 nouissimos
676 3929 774 3992 usque
797 3908 835 3971 ad
858 3909 985 3997 primos.
1030 3919 1047 3971 9
1070 3907 1153 3970 Oum
1175 3907 1338 3973 uenissent
1360 3931 1437 3991 erge

309 3989 364 4073 qui
387 3990 469 4054 circa
492 3991 658 4056 undecima
681 4001 868 4076 acceperunt
890 3992 1031 4076 singulos
1053 3992 1206 4056 denarios.
1252 4004 1340 4058 1002
1362 4018 1434 4058 cum

306 4075 470 4140 uenissent
504 4076 597 4161 primi
634 4077 776 4142 arbitrati
811 4087 885 4142 sunt
910 4077 1067 4161 -qucniam
1101 4078 1174 4162 plus
1211 4087 1398 4164 acceperunt
1426 4131 1435 4142 .

308 4168 496 4246 0000000002
529 4170 561 4226 02
593 4161 655 4247 ipsi
687 4162 826 4247 singulos
860 4163 1013 4227 denarios.
1067 4173 1099 4224 11
1133 4186 1203 4227 cum
1241 4165 1438 4250 accepissent

308 4254 414 4310 autem
437 4245 532 4330 primi
555 4255 833 4313 murmurauerunt
855 4249 1022 4316 aduersum
1044 4257 1166 4332 patrem
1182 4250 1317 4314 familias
1341 4261 1375 4312 12
1390 4250 1433 4313 di·

310 4340 415 4396 centes
437 4331 484 4395 hii
507 4333 673 4398 nouissimi
694 4356 758 4397 una
780 4335 856 4398 hora
878 4333 1023 4398 fecerunt
1045 4341 1077 4397 et
1099 4335 1246 4418 aequales
1268 4358 1321 4399 ecs
1343 4334 1436 4399 nobis-

309 4414 411 4480 fecisti
441 4416 496 4502 qui
525 4417 736 4484 baiulauimus
765 4443 844 4484 0000
873 4419 936 4483 diei
960 4425 992 4484 02
1014 4426 1144 4483 aestum.
1190 4431 1223 4483 13
1246 4420 1305 4484 llle
1327 4430 1434 4484 autem

309 4502 469 4586 respoudit
492 4507 523 4568 et
546 4503 626 4568 dixit
649 4505 705 4568 uni
728 4527 768 4568 ex
790 4505 840 4569 his
862 4505 962 4570 amice
991 4527 1055 4568 non
1081 4503 1164 4569 facia
1193 4505 1253 4569 tibi
1283 4504 1433 4568 iniuriam
