3667 5284
275 513 278 518 ·
315 475 346 530 O.
366 477 389 530 1.
408 479 432 530 2.
849 474 904 534 Ioh,
1121 521 1127 541 .,
1398 477 1442 540 19

316 676 351 730 28
383 665 474 732 Haeo
506 663 589 728 faeta
621 669 695 728 sunt
727 663 760 726 in
791 659 943 734 bethania
975 667 1062 734 trans
1096 659 1246 724 iordanen
1284 661 1339 725 ubi
1371 669 1442 727 erat

317 749 463 814 iohannis
486 749 656 834 baptizans.
701 759 735 812 29
757 748 801 810 Et
822 747 885 810 alia
907 745 959 810 die
980 745 1070 817 uidet
1091 745 1237 810 iohannis
1260 746 1326 809 ihr‘r‘r
1345 748 1437 812 ⁴ueni·

318 840 423 900 entem
454 835 493 898 ad
526 857 560 898 se
593 833 638 898 ait
671 855 743 897 ecee
776 855 876 915 agnus
909 832 941 894 di
975 830 1030 916 qui
1058 831 1142 905 tollit
1168 838 1295 916 peecata
1318 833 1440 896 mundi.

317 933 352 986 30
373 921 439 985 Hie
461 924 509 984 est
531 919 569 983 de
591 941 654 1004 que
676 917 744 981 dixi
766 925 836 1002 post
857 941 907 982 me
929 917 1021 982 uenit
1043 915 1093 980 uir
1114 915 1168 1001 qui
1184 925 1258 982 ante
1273 939 1324 981 me
1339 920 1440 983 133333

318 1011 365 1071 333
388 1004 535 1089 qnoniam
557 1004 642 1090 prior
663 1027 715 1067 me
737 1001 806 1067 fuit.
851 1013 884 1066 31
907 1008 940 1066 et
962 1024 1019 1085 ego
1042 1001 1223 1085 ignorabam
1246 1026 1318 1067 eum
1333 1003 1389 1067 sed
1404 1015 1440 1067 ut

319 1090 574 1156 manifestaretur
601 1089 635 1153 in
668 1086 805 1153 isdrahel
828 1135 836 1152 .
860 1092 892 1152 et
909 1094 1074 1172 propterea
1093 1087 1167 1151 ueni
1185 1110 1242 1171 ege
1269 1087 1302 1151 in
1325 1110 1439 1170 aquam

318 1178 356 1241 ba
380 1175 476 1240 tinare
519 1186 554 1239 32
576 1183 608 1240 33
628 1179 761 1238 33313333
790 1180 837 1238 333
864 1172 1011 1236 13333313
1036 1171 1184 1257 quoniam
1215 1171 1284 1236 uidi
1312 1184 1382 1259 3331
1404 1184 1441 1240 33

319 1201 494 1326 eotirmbam
517 1259 751 1324 discendentem
782 1258 820 1322 de
848 1258 933 1322 eaelo
962 1264 994 1322 et
1013 1265 1195 1322 manentem
1217 1257 1250 1320 13
1273 1281 1310 1322 eo
1353 1271 1387 1323 33
1410 1266 1442 1324 33

314 1360 359 1397 ’340
385 1346 568 1430 ignorabam
598 1368 671 1410 eum
694 1392 701 1406 .
724 1343 778 1408 sed
805 1341 860 1428 qui
889 1366 940 1406 me
969 1342 1056 1407 misit
1076 1342 1235 1428 baptizare
1262 1343 1296 1407 in
1325 1366 1440 1430 aquam

317 1432 385 1518 ipse
417 1431 497 1501 mibi
530 1429 612 1494 dixit
644 1451 736 1514 super
768 1451 861 1512 quem
893 1428 1012 1492 uideris
1045 1439 1113 1512 3313
1147 1428 1382 1494 discendentem
1409 1438 1442 1494 et

317 1522 496 1582 manentem
518 1515 551 1579 in
575 1539 612 1580 eo
634 1514 702 1600 ipse
731 1520 779 1578 est
806 1513 862 1599 qui
889 1512 1029 1598 baptizat
1056 1515 1090 1577 in
1112 1514 1172 1598 spu
1195 1520 1309 1578 saneto.
1354 1525 1389 1579 34
1409 1525 1441 1579 33

318 1625 375 1686 ego
398 1602 482 1682 quod
505 1600 573 1666 uidi
596 1607 628 1665 31
642 1599 823 1665 testimonio
846 1622 915 1663 sum
939 1594 1089 1680 quoniam
1112 1599 1164 1662 hie
1186 1608 1234 1663 333
1255 1599 1374 1665 electus
1397 1601 1438 1663 di.

316 1698 351 1753 34
373 1687 450 1751 Alia
472 1697 577 1751 autem
601 1685 653 1750 die
675 1687 777 1750 stabat
798 1683 942 1748 iohannis
964 1690 997 1748 33
1018 1683 1164 1768 discipuli
1180 1684 1249 1748 eius
1264 1685 1326 1748 duo
1359 1697 1393 1750 30
1409 1695 1441 1750 33

316 1773 398 1838 uidit
420 1773 486 1836 ihm
510 1771 722 1835 ambulantem
745 1775 777 1835 et
792 1769 874 1857 dixit
889 1791 961 1834 3333
976 1793 1076 1854 agnus
1091 1771 1124 1833 di
1166 1781 1200 1832 37
1222 1778 1254 1833 33
1276 1769 1442 1835 audientes

318 1883 389 1924 eum
420 1858 482 1922 due
511 1855 658 1941 diseipuli
685 1855 753 1920 eina
779 1856 962 1939 loquentem
990 1853 1091 1921 seeuti
1119 1859 1193 1919 sunt
1219 1854 1295 1919 ih1'1‘1.
1340 1867 1375 1920 38
1397 1857 1441 1920 Et

266 1999 272 2012 .
306 1945 508 2030 ¹respondens
530 1942 582 2004 113
605 1965 675 2006 aum
698 1940 830 2006 uidisset
852 1963 904 2004 333
927 1947 1094 2024 sequentes
1116 1962 1149 2004 se
1172 1940 1252 2005 dixit
1273 1941 1337 2006 illis
1364 1941 1441 2026 quid

317 2029 416 2094 uultis
435 2034 490 2092 aut
512 2049 606 2112 quem
629 2025 796 2110 quaerites.
840 2025 906 2110 Qui
922 2025 1071 2090 dixerunt
1088 2026 1118 2090 ei
1141 2026 1229 2090 rabbi
1249 2026 1332 2110 quod
1347 2025 1440 2092 inter-

265 2161 267 2166 *
298 2119 477 2200 'praetatur
499 2111 648 2196 magister
670 2113 723 2175 ubi
747 2134 863 2175 manes.
908 2123 943 2175 39
970 2110 1059 2176 Dicit
1082 2110 1127 2175 eis
1148 2110 1257 2176 uenite
1279 2119 1312 2177 et
1333 2112 1441 2176 uidete

318 2204 476 2264 uenerunt
497 2220 570 2282 ergo
594 2203 625 2261 et
647 2197 797 2261 uiderunt
818 2196 872 2260 ubi
888 2202 1031 2278 maneret
1054 2245 1060 2256 .
1085 2201 1116 2260 et
1130 2206 1207 2281 aput
1226 2219 1300 2260 eum
1321 2220 1442 2262 manse-

318 2289 392 2349 runt
414 2284 469 2348 1113
491 2283 542 2348 (113
565 2287 596 2348 33
617 2281 679 2346 1313
699 2283 775 2346 hora
791 2281 881 2367 qnasi
897 2281 1028 2346 decima.
1062 2280 1173 2345 401313
1187 2288 1294 2346 autem
1309 2284 1441 2347 andreas

316 2369 413 2436 frater
427 2368 558 2434 simonis
581 2369 662 2453 petri
685 2391 767 2432 unus
790 2391 830 2431 ex
845 2367 966 2431 duobus
982 2367 1038 2450 qui
1052 2366 1221 2432 audierunt
1243 2369 1281 2430 ab
1303 2367 1441 2432 iohanne

317 2461 349 2521 et
370 2455 469 2520 secuti
486 2454 612 2518 fuerant
627 2477 709 2518 eum.
743 2463 776 2516 41
792 2453 836 2517 Et
851 2475 943 2517 mane
959 2451 1084 2517 inuenit
1097 2450 1226 2542 fratrem
1242 2476 1334 2517 suum
1350 2454 1440 2518 sime·

315 2565 388 2606 nem
405 2546 437 2605 at
459 2539 504 2604 ait
518 2539 566 2602 illi
582 2537 764 2604 inuenimus
786 2536 901 2602 messia
923 2538 1006 2619 quod
1029 2547 1077 2601 est
1099 2537 1358 2622 interpraetatum
1380 2545 1442 2624 333

315 2637 349 2693 42
371 2633 403 2690 33
425 2625 586 2690 adducunt
608 2624 699 2688 illum
722 2624 761 2688 ad
783 2623 850 2686 ihm
874 2627 905 2688 et
928 2645 1000 2688 cum
1023 2622 1158 2688 uidisset
1179 2623 1269 2687 illum
1291 2623 1343 2687 113
1359 2624 1441 2688 dixit

315 2718 350 2776 tu
373 2733 406 2776 es
428 2711 529 2775 simon
553 2709 649 2774 frater
671 2709 805 2774 andreae
828 2713 859 2774 et
881 2714 917 2774 tu
936 2707 1101 2774 uocaueris
1129 2709 1265 2793 chephas
1288 2709 1371 2793 quod
1394 2720 1441 2774 est

315 2797 526 2882 inpraetatum
563 2804 681 2880 petrus.
737 2805 771 2859 43
809 2795 924 2859 Altera
949 2802 1056 2858 autem
1085 2793 1137 2858 die
1165 2793 1268 2858 uoluit
1297 2796 1384 2860 exire
1406 2796 1440 2858 in

316 2882 482 2965 galilaeam
506 2887 537 2945 et
565 2881 712 2966 prodiens
735 2879 859 2945 inuenit
880 2878 1059 2965 philippum
1083 2884 1115 2944 et
1137 2878 1214 2946 (11313
1236 2879 1284 2943 1111
1306 2901 1441 2964 sequere

317 2989 377 3030 me.
422 2975 457 3028 44
474 2966 553 3030 Fuit
574 2974 681 3030 autem
703 2964 865 3051 philippus
888 2988 907 3028 a
929 2964 1071 3030 bessaida
1093 2963 1226 3048 galileae
1249 2965 1287 3028 de
1310 2965 1442 3030 ciuitate

317 3051 452 3116 andreae
483 3057 514 3114 33
541 3049 621 3135 petri
666 3060 701 3114 45
730 3058 762 3114 33
790 3050 920 3134 1333313·
946 3049 1107 3135 philippus
1134 3051 1288 3114 natanael
1309 3058 1341 3115 et
1363 3050 1440 3119 dicit

316 3136 365 3201 illi
388 3158 482 3220 quem
504 3135 628 3220 scripsit
659 3158 781 3220 moysea
811 3142 842 3200 33
869 3135 1011 3220 profetae
1038 3134 1220 3199 inuenimus
1248 3135 1315 3198 1133
1338 3135 1439 3200 filium

316 3223 426 3319 ioseph
449 3243 467 3285 a
488 3243 612 3284 nazara.
657 3230 691 3284 46
714 3221 774 3284 Ait
796 3221 843 3284 illi
864 3221 1011 3286 natanael
1028 3271 1034 3281 .
1051 3243 1070 3284 a
1088 3243 1202 3284 nazara
1216 3225 1304 3304 33133
1320 3221 1440 3306 aliquid

316 3308 390 3372 boni
422 3328 489 3370 esse
516 3305 561 3370 ait
591 3304 639 3369 illi
668 3305 832 3390 philippus
859 3305 934 3371 ueni
957 3310 989 3370 et
1011 3305 1093 3370 uide.
1138 3306 1252 3370 47113
1274 3314 1380 3371 autem
1403 3316 1440 3370 ut

315 3391 398 3457 uidit
426 3391 607 3456 uenientem
635 3391 781 3455 natanael
810 3391 849 3455 ad
878 3413 911 3455 se
938 3391 1012 3456 ait.
1037 3413 1109 3456 3333
1137 3413 1213 3454 uere
1241 3390 1442 3457 isdrahelites

315 3477 349 3543 13
372 3499 434 3560 quo
457 3476 605 3540 mendum
629 3499 691 3540 333
715 3483 770 3545 est.
815 3487 849 3542 48
876 3476 922 3540 Et
949 3476 996 3540 ait
1022 3476 1071 3541 illi
1099 3478 1245 3540 natanael
1276 3477 1359 3542 unde
1387 3501 1439 3541 me

316 3563 398 3628 nosti
421 3613 428 3626 .
452 3573 485 3626 33
513 3561 558 3626 313
586 3560 634 3624 1111
662 3561 714 3624 113
740 3562 930 3647 priusquam
960 3559 1121 3646 philippus
1149 3570 1182 3626 33
1210 3572 1337 3628 uocaret
1366 3586 1438 3627 eum

315 3669 399 3714 esses
413 3647 471 3712 sub
487 3648 595 3711 arbore
610 3646 662 3710 fici
684 3646 752 3710 uidi
771 3654 811 3712 te.
855 3657 889 3711 49
911 3646 956 3712 ut
977 3646 1146 3710 natanahel
1168 3647 1330 3732 respondit
1350 3649 1439 3713 rabbi

315 3741 350 3798 tu
373 3755 406 3798 es
427 3732 511 3798 filius
534 3732 566 3796 di
588 3741 623 3796 tu
651 3755 684 3796 es
711 3755 767 3797 rex
797 3731 944 3796 isdrahel.
989 3741 1024 3796 50
1055 3731 1100 3796 Et
1132 3730 1184 3794 ils
1213 3732 1374 3818 respondit
1407 3740 1442 3798 et

314 3818 397 3883 dixit
418 3817 495 3902 quia
517 3817 585 3881 dixi
607 3815 674 3880 uidi
696 3823 729 3882 te
751 3819 808 3882 sub
830 3818 940 3882 arbore
967 3815 1019 3881 1131
1046 3816 1153 3881 eredes
1178 3815 1298 3881 maiora
1325 3819 1439 3883 horum

314 3903 473 3969 uidebitis.
519 3914 553 3967 50
576 3907 608 3967 et
631 3901 713 3967 dixit
734 3902 798 3968 illis
821 3903 872 3967 its
896 3925 990 3966 amen
1011 3925 1104 3966 amen
1127 3901 1196 3966 (1133
1221 3903 1312 3968 uobis
1326 3905 1440 3969 amodo

314 3988 464 4054 uidebitis
487 3988 620 4054 33313133
642 3992 765 4074 apertos
787 3993 819 4053 et
841 3987 968 4072 angeles
983 3987 1188 4052 ascendentes
1203 3993 1235 4052 et
1249 3987 1437 4054 descenden-

314 4079 361 4140 tes
384 4074 424 4138 ad
445 4073 547 4138 filium
569 4072 716 4138 hominis.

400 4160 446 4224 ΙΙ.
492 4171 507 4222 1
529 4158 574 4223 Et
595 4157 688 4223 tertia
711 4157 762 4224 die
784 4157 915 4242 nuptiae
938 4156 1039 4222 133133
1060 4163 1136 4222 3331
1158 4156 1192 4222 13
1213 4181 1291 4222 3333
1305 4158 1441 4242 galileae

315 4250 347 4310 33
368 4242 431 4309 1313
452 4244 519 4310 11113
540 4250 641 4308 mater
663 4244 729 4308 ihr'n
773 4254 790 4306 2
812 4241 874 4308 fuit
895 4252 1004 4308 autem
1025 4242 1077 4306 113
1099 4242 1222 4308 3331333
1244 4254 1276 4308 33
1291 4243 1440 4330 (113313311

316 4329 383 4394 3133
406 4329 446 4394 ad
467 4328 594 4415 nuptias
637 4340 654 4393 3
677 4344 709 4393 33
730 4328 849 4394 factum
872 4334 919 4394 est
940 4351 997 4414 per
1018 4329 1149 4392 multam
1172 4330 1297 4393 turbam
1319 4330 1437 4395 333133-

315 4437 385 4479 rum
406 4413 528 4483 ¹uinum
554 4413 772 4479 consummari.
824 4415 930 4481 Mater
955 4419 1066 4479 autem
1094 4413 1161 4477 ihm
1189 4414 1271 4479 dixit
1299 4415 1338 4479 ad
1364 4438 1439 4479 eum

306 4498 427 4568 uinum
449 4523 512 4565 333
532 4501 650 4565 habent
672 4499 728 4564 fili.
771 4499 854 4565 4111
876 4499 1066 4587 respondens
1087 4498 1139 4562 its
1162 4498 1244 4564 dixit
1258 4499 1335 4584 quid
1357 4499 1438 4563 mihi
