3667 5284
397 470 439 534 10
902 469 955 523 Ev-
975 485 1027 524 aec.
1167 514 1172 519 .
1372 469 1401 524 O.
1420 471 1461 526 20.
1479 471 1522 526 21.

396 679 501 722 nonne
523 655 651 722 denario
674 655 823 722 conuenit
844 657 924 722 mihi
947 664 980 726 et
1002 657 1060 723 tibi
1105 668 1138 721 14
1160 658 1235 723 tolle
1257 659 1340 743 quod
1363 666 1454 723 tuum
1474 665 1523 724 est

394 747 428 806 et
450 743 531 806 uade
552 744 625 808 uolo
647 753 752 807 autem
775 742 849 808 huic
871 743 1043 810 nouissimo
1066 744 1140 808 dare
1162 743 1244 808 sicut
1266 751 1298 809 et
1320 743 1378 809 tibi
1411 756 1444 810 15
1466 750 1523 809 aut

396 851 459 891 non
482 827 556 893 lieet
579 828 658 892 mihi
680 828 763 913 quod
786 829 857 893 uolo
880 828 983 894 facere
1006 830 1044 894 de
1066 852 1101 894 re
1127 853 1199 894 mea
1226 835 1282 893 aut
1310 829 1418 894 oculus
1447 837 1521 895 tuus

395 935 499 998 nequa
514 921 562 978 est
576 913 651 998 quia
667 936 724 995 ego
740 915 839 978 bonus
855 937 935 978 sum.
981 927 1014 980 16
1038 914 1093 980 Sic
1109 922 1203 979 erunt
1217 914 1383 980 nouissimi
1398 915 1494 1000 primi
1511 964 1517 978 .

396 1005 428 1062 et
461 997 556 1083 primi
585 998 750 1065 nouissimi
774 1048 780 1061 .
804 999 896 1063 multi
928 1006 1014 1065 enim
1044 1006 1119 1065 sunt
1152 1000 1256 1064 uocati
1287 999 1380 1085 pauci
1413 1009 1520 1066 autem

396 1082 497 1148 electi.
546 1095 579 1148 17
606 1085 650 1150 Et
678 1107 749 1149 cum
780 1085 964 1150 ascenderet
990 1084 1042 1150 ihs
1073 1085 1318 1168 hierosolymam
1345 1085 1522 1171 adsumpsit

394 1168 567 1254 discipulos
589 1192 661 1236 suos
684 1169 849 1235 duodecim
864 1170 1032 1255 separatim
1048 1170 1082 1234 in
1097 1169 1182 1234 uiam
1199 1180 1231 1236 et
1246 1172 1291 1235 ait
1304 1170 1368 1236 illis
1402 1183 1435 1236 18
1449 1193 1521 1235 ecce

396 1254 615 1320 adscendimus
638 1255 670 1319 in
698 1255 941 1339 hierosolymam
964 1267 997 1321 et
1017 1255 1101 1320 filius
1124 1255 1261 1320 hominis
1283 1255 1417 1322 traditur
1438 1255 1520 1341 prin-

395 1338 518 1426 cipibus
548 1347 580 1404 et
608 1340 819 1406 sacerdotibus
853 1349 885 1405 et
913 1339 1024 1407 scribis
1053 1349 1086 1405 et
1108 1341 1302 1406 damnabunt
1324 1365 1397 1405 eum
1420 1351 1520 1405 morte

396 1438 428 1490 19
458 1433 490 1490 et
516 1426 642 1491 tradent
670 1449 743 1491 eum
771 1427 916 1510 gentibus
942 1477 948 1491 .
972 1427 1011 1491 ad
1040 1425 1250 1491 inludendum
1276 1435 1309 1491 et
1337 1426 1520 1512 crucifigent

396 1534 470 1574 eum
493 1526 524 1576 et
546 1511 641 1576 tertia
662 1512 714 1576 die
736 1518 885 1592 resurget.
932 1523 967 1576 20
995 1512 1087 1576 Tunc
1114 1516 1242 1577 accessit
1263 1513 1302 1576 ad
1325 1535 1398 1576 eum
1421 1520 1521 1576 mater

395 1596 534 1661 filiorum
560 1597 689 1662 zebedei
706 1621 777 1663 oum
798 1597 871 1662 filiis
893 1597 961 1662 suis
983 1597 1137 1661 addorans
1160 1606 1192 1661 et
1207 1604 1316 1681 petens
1338 1595 1458 1683 aliquid
1481 1598 1519 1662 ab

396 1705 441 1746 eo·
486 1693 519 1744 21
542 1683 600 1767 Ipe
622 1688 727 1747 autem
750 1682 832 1746 dixit
857 1683 999 1768 quiduis
1024 1731 1030 1744 .
1054 1689 1087 1748 et
1108 1682 1163 1746 illa
1178 1682 1260 1747 dixit
1275 1681 1326 1748 dio
1341 1691 1376 1747 ut
1391 1683 1520 1747 sedeant

350 1805 352 1808 ·
395 1768 458 1833 duo
486 1765 533 1830 fili
562 1767 626 1832 mei
653 1791 734 1832 unus
764 1768 803 1831 ad
833 1769 975 1833 dextram
999 1774 1085 1832 tuam
1112 1816 1118 1829 .
1143 1774 1175 1832 et
1197 1767 1278 1832 alius
1300 1768 1339 1832 ad
1361 1767 1519 1833 sinistram

396 1852 429 1916 in
456 1875 552 1936 regno
582 1863 644 1917 tuo.
689 1864 723 1916 22
753 1854 960 1937 Respondens
990 1860 1095 1917 autem
1126 1853 1178 1917 ihs
1212 1852 1294 1917 dixit
1320 1853 1368 1916 illi
1390 1853 1519 1918 nescitis

393 1937 472 2023 quid
494 1938 609 2023 petatis
632 1939 761 2023 potesis
784 1939 889 2002 bibere
912 1938 1043 2003 calicem
1065 1961 1158 2019 quem
1175 1961 1233 2023 ego
1247 1939 1403 2003 bibiturus
1425 1961 1517 2002 sum.

396 2024 501 2088 dicent
528 2025 557 2088 ei
579 2046 753 2109 possumus.
797 2035 831 2088 23
855 2023 914 2088 Ait
943 2025 1006 2089 illis
1036 2024 1086 2088 ihs
1110 2023 1239 2089 calicem
1262 2023 1390 2108 quidem
1413 2047 1518 2087 meum

395 2108 509 2173 bibetis
533 2161 538 2172 .
563 2110 671 2174 sedere
694 2119 800 2173 autem
822 2109 861 2173 ad
884 2111 1045 2174 dexteram
1069 2133 1172 2174 meam
1195 2114 1251 2174 aut
1272 2108 1432 2174 sinistram
1454 2132 1517 2173 non

395 2199 443 2259 est
472 2217 577 2258 meum
607 2195 680 2258 dare
709 2195 798 2259 uobis
825 2195 879 2260 sed
906 2194 1021 2280 quibus
1042 2202 1186 2280 paratum
1216 2202 1264 2259 est
1286 2218 1303 2258 a
1329 2200 1418 2280 patre
1448 2217 1518 2258 meo

392 2290 429 2342 24
451 2281 484 2344 et
504 2280 668 2344 audientes
691 2280 866 2345 contristati
889 2286 964 2345 sunt
986 2281 1024 2344 de
1052 2280 1173 2344 duobus
1203 2279 1361 2345 fratribus.
1405 2290 1439 2343 25
1460 2280 1519 2343 Ibe

395 2371 501 2429 autem
529 2365 656 2430 uocauit
685 2388 737 2430 eos
764 2366 803 2429 ad
829 2388 863 2430 se
892 2375 925 2431 et
952 2364 997 2429 ait
1027 2364 1072 2430 eis
1096 2411 1102 2427 .
1126 2365 1220 2430 saites
1250 2366 1333 2449 quod
1362 2363 1519 2450 principes

395 2450 537 2534 gentium
567 2450 769 2514 dominantur
796 2474 904 2535 eorum
935 2456 966 2516 et
992 2449 1047 2535 qui
1075 2450 1208 2515 maiores
1235 2460 1309 2515 sunt
1330 2456 1518 2536 potestatem

394 2543 551 2619 exurgent
573 2535 605 2598 in
630 2535 683 2600 eis.
729 2547 763 2600 26
791 2559 854 2600 non
883 2536 928 2600 ita
951 2536 1012 2600 erit
1041 2535 1201 2601 internos
1223 2535 1278 2600 sed
1301 2534 1516 2620 quicumq(ue)

395 2621 532 2686 uoluerit
554 2620 637 2686 inter
658 2644 715 2687 uos
738 2620 837 2686 maior
859 2621 927 2686 fieri
950 2621 1011 2705 erit
1033 2631 1137 2686 uester
1159 2620 1310 2685 minister.
1354 2631 1388 2684 27
1408 2627 1441 2684 et
1463 2620 1518 2703 qui

395 2705 532 2770 uoluerit
560 2707 643 2770 inter
671 2730 728 2771 uos
756 2706 877 2792 primus
910 2729 979 2772 esse
1009 2706 1068 2770 erit
1094 2716 1199 2770 uester
1228 2728 1339 2770 seruus
1381 2716 1416 2770 28
1437 2704 1519 2770 sicut

394 2792 478 2856 filius
504 2792 642 2856 hominis
671 2816 733 2856 non
762 2794 851 2857 uenit
881 2791 1054 2856 ministrari
1086 2793 1140 2856 sed
1174 2790 1354 2857 ministrare
1383 2801 1415 2856 et
1443 2790 1518 2854 dare

393 2877 530 2941 animam
554 2899 645 2942 suam
666 2901 722 2963 pro
738 2878 846 2942 multis
866 2877 1123 2962 redemptionem.
1155 2878 1222 2942 Uos
1241 2877 1335 2946 euim¹
1349 2875 1516 2959 quaeristis

395 2963 433 3027 de
448 2961 564 3047 pusillo
587 2985 725 3028 crescere
747 2972 779 3027 et
805 2963 844 3027 de
872 2962 992 3027 maiore
1021 2961 1169 3026 minorari
1194 3011 1200 3024 .
1224 2962 1378 3026 intrantes
1406 2970 1514 3026 autem

395 3047 495 3131 rogati
522 3048 561 3112 ad
590 3071 698 3112 cenam
730 3048 829 3113 nolite
854 3050 1036 3114 recumbere
1060 3049 1093 3112 in
1120 3047 1378 3112 eminentioribus
1407 3046 1483 3111 locis
1507 3092 1513 3108 .

395 3156 434 3197 ne
466 3132 546 3198 forte
583 3133 763 3198 honoratior
796 3141 827 3197 te
861 3133 1066 3218 superueniat
1096 3183 1102 3195 .
1135 3144 1168 3197 et
1202 3133 1351 3197 accedeus
1387 3131 1443 3217 qui
1476 3131 1516 3196 ad

394 3242 505 3284 cenam
527 3225 558 3284 te
584 3219 711 3283 uocauit
737 3218 821 3283 dicat
846 3220 906 3284 tihi
931 3219 1043 3284 accede
1067 3220 1212 3283 deorsum
1233 3226 1266 3282 et
1283 3216 1514 3284 confundaris.

394 3305 420 3369 si
444 3312 552 3368 autem
574 3303 607 3367 in
630 3305 698 3369 loco
720 3303 868 3369 inferiore
890 3304 1071 3370 recubueris
1087 3311 1119 3368 et
1133 3303 1351 3388 superuenerit
1366 3303 1516 3367 humilior

393 3397 426 3455 te
448 3398 524 3454 tunc
546 3389 629 3454 dicet
651 3389 709 3453 tibi
732 3389 786 3474 qui
810 3398 841 3454 te
863 3391 902 3454 ad
926 3413 1036 3455 cenam
1059 3389 1186 3454 uocauit
1207 3390 1319 3453 accede
1346 3389 1512 3471 superius.

394 3485 427 3538 et
448 3484 523 3540 tunc
546 3475 606 3539 erit
627 3474 686 3540 tibi
709 3475 840 3555 gloriam
865 3500 967 3542 coram
992 3474 1270 3540 discumbentibus.
1315 3485 1348 3538 29
1372 3475 1415 3538 Et
1443 3495 1514 3537 cum

394 3561 596 3643 egrederetur
618 3560 669 3624 ihs
692 3562 730 3624 ab
752 3562 872 3626 hierico
896 3568 1041 3627 saecutae
1064 3570 1138 3626 sunt
1159 3583 1233 3623 eum
1254 3560 1364 3623 turbae
1387 3559 1514 3624 multae.

391 3658 428 3710 30
450 3651 482 3710 et
503 3669 575 3710 eece
597 3646 658 3711 duo
682 3645 766 3710 caeci
788 3647 933 3711 sedentes
956 3669 1046 3711 secus
1069 3645 1153 3709 uiam
1177 3645 1345 3709 audierunt
1368 3648 1515 3728 quoniam

393 3731 444 3794 ihs
474 3730 587 3796 transit
614 3781 620 3794 .
651 3732 868 3796 olamauerunt
902 3733 1041 3796 dicentes
1068 3731 1215 3795 miserere
1248 3729 1345 3794 nostri
1380 3729 1435 3793 ihii
1470 3728 1515 3792 fili

392 3815 498 3881 dauid.
543 3827 576 3879 31
598 3818 690 3881 turba
713 3823 818 3882 autern
841 3817 1023 3902 increpabat
1045 3840 1098 3882 eos
1121 3826 1176 3880 aut
1205 3825 1346 3881 tacerent
1369 3864 1376 3876 .
1399 3815 1439 3878 ad
1467 3813 1516 3877 illi

394 3901 494 3984 magis
516 3902 693 3968 clamabant
715 3903 854 3968 dicentes
876 3902 1025 3968 miserere
1047 3902 1136 3968 nobis
1156 3901 1212 3965 ihi'i
1228 3901 1273 3964 fili
1293 3899 1389 3964 dauit.
1423 3911 1457 3963 32
1474 3900 1516 3963 Et

392 3987 481 4052 stetit
508 3986 559 4049 ihs
590 3996 622 4051 et
654 3988 781 4053 uocauit
815 4011 867 4052 eos
902 3997 935 4052 et
964 3988 1008 4052 ait
1037 3987 1113 4073 quid
1143 3987 1240 4050 uultis
1269 3984 1383 4051 faciam
1416 3985 1514 4049 uobis.

392 4084 427 4136 33
449 4073 559 4136 dicunt
580 4071 628 4135 illi
650 4073 712 4137 dr'ri
734 4083 770 4136 ut
792 4073 974 4156 aperiantur
996 4074 1079 4138 oculi
1103 4072 1201 4136 nostri
1243 4081 1278 4134 34
1300 4072 1446 4136 misertus
1469 4076 1516 4134 est

313 4215 314 4218 ,
394 4163 499 4223 autem
522 4156 586 4222 illis
608 4157 658 4220 ihs
682 4169 714 4223 et
736 4159 841 4242 tetigit
863 4161 969 4223 oculos
992 4181 1102 4224 eorum
1124 4167 1156 4222 et
1178 4155 1343 4220 confestim
1366 4156 1516 4220 uiderunt

394 4250 427 4307 et
448 4241 568 4308 saecuti
591 4251 665 4308 sunt
687 4267 769 4307 eum.

480 4327 580 4391 XXI.
627 4340 642 4390 1
667 4329 708 4393 Elt
731 4353 802 4394 oum
824 4328 1105 4414 adpropinquasset
1124 4325 1341 4408 hierosolymis
1364 4331 1395 4389 et
1415 4322 1516 4388 uenis-

394 4413 497 4478 setin
520 4414 695 4500 uethpagae
711 4414 744 4478 in
761 4423 898 4478 montem
915 4414 1026 4478 oliueti
1048 4423 1123 4477 tunc
1145 4411 1196 4474 ihs
1220 4411 1306 4476 misit
1328 4411 1405 4475 duos
1428 4408 1516 4475 disci·

393 4500 484 4583 pulos
506 4521 578 4564 suos
621 4512 638 4564 2
661 4500 769 4564 dicens
792 4504 834 4564 ite
857 4499 890 4563 in
913 4499 1076 4563 castellum
1099 4497 1182 4582 quod
1205 4504 1252 4560 est
1279 4501 1385 4561 contra
1407 4517 1463 4560 uos
1485 4498 1517 4558 et
