3667 5284
197 469 199 474 ’
281 466 314 519 9.
336 467 358 518 9.
816 465 880 517 nuc.
1364 465 1408 529 59

284 664 317 716 13
339 653 476 716 Etcum
499 650 601 716 factus
624 656 707 716 99991
728 649 795 715 dies
818 649 945 716 uocauit
971 649 1141 735 discipulos
1168 673 1238 715 suos
1260 655 1292 714 et
1314 649 1410 736 elegit

284 761 324 802 ex
346 735 392 802 eis
407 736 482 801 XII
505 786 511 799 .
536 758 613 820 quos
635 744 667 801 et
689 737 844 822 apostolos
865 736 1044 801 nominauit
1086 745 1120 799 14
1140 735 1294 800 91199999
1315 759 1410 820 99919

282 821 520 907 cognominauit
542 827 666 906 petrum
688 828 721 886 et
742 821 890 886 andream
913 820 1042 886 fratrem
1070 821 1140 886 eius
1163 871 1170 884 .
1193 820 1337 885 iacobum
1362 820 1407 885 io·

284 930 399 971 annam
423 957 429 970 .
452 906 631 993 philippum
654 905 890 974 bartolomeum.
936 917 969 970 15
997 907 1172 971 mattheum
1201 906 1340 971 thomam
1363 905 1408 970 ia·

282 993 397 1057 cobum
424 991 531 1078 alphei
560 997 592 1057 et
624 993 777 1057 simonem
805 991 860 1076 qui
889 992 1060 1057 uocabatur
1082 992 1206 1057 zelotes.
1240 1002 1273 1055 16
1302 990 1409 1055 iudam

284 1077 386 1143 iacobi
415 1085 447 1142 et
478 1077 553 1142 iuda
580 1077 716 1142 scarioth
745 1077 801 1162 qui
830 1077 961 1142 tradidit
987 1077 1088 1141 illum.
1134 1088 1166 1141 17
1200 1082 1231 1141 et
1254 1075 1410 1141 discendit

281 1163 442 1229 cumillis
465 1171 496 1228 91
517 1162 605 1228 919111
627 1163 660 1227 19
683 1162 750 1227 1999
774 1162 930 1249 999999111
954 1169 986 1228 91
1007 1164 1099 1227 19119
1120 1160 1310 1228 discentium
1336 1162 1406 1226 eius

283 1255 317 1313 et
338 1248 508 1313 multitudo
530 1271 644 1331 magna
666 1248 777 1335 populi
799 1249 837 1313 de
859 1254 926 1312 tota
948 1248 1042 1312 iudea
1064 1255 1097 1312 91
1118 1247 1309 1312 hierusalem
1324 1252 1356 1312 91
1369 1247 1409 1310 de

284 1333 500 1398 transmarinis
533 1342 603 1417 tyro
637 1338 669 1398 et
701 1333 810 1398 sidone
843 1343 875 1397 91
908 1332 1040 1397 91191919
1069 1332 1245 1399 9191191199
1291 1344 1325 1398 18
1354 1332 1410 1416 qui

284 1423 440 1483 uenerunt
467 1418 578 1483 audire
607 1417 697 1482 illurn
726 1424 758 1483 91
785 1416 936 1484 9919119
963 1418 1167 1502 languoribus
1194 1417 1260 1482 suis
1289 1424 1322 1482 91
1354 1417 1409 1503 991

280 1505 484 1569 9919199191
506 1505 545 1568 91
567 1503 730 1590 9911111199
751 1503 922 1568 immundis
944 1505 1133 1569 curabantur
1177 1515 1210 1568 13
1240 1509 1273 1568 91
1300 1525 1409 1569 omnes

283 1589 375 1653 turba
401 1590 593 1673 quaerebant
614 1600 743 1672 tangere
765 1589 857 1654 illum
880 1588 982 1654 uirtus
1004 1589 1090 1654 enim
1112 1591 1150 1653 ab
1173 1612 1210 1654 eo
1232 1589 1407 1674 proficisce-

282 1675 375 1739 batur
397 1681 430 1739 91
458 1675 587 1739 9919191
615 1697 731 1740 omnes.
776 1686 811 1740 20
840 1681 872 1740 91
896 1674 1018 1740 1999911
1046 1675 1151 1740 999199
1180 1674 1220 1738 ad
1251 1673 1408 1738 discentes

283 1782 355 1824 suos
383 1768 416 1825 91
449 1759 538 1824 dixit.
590 1760 684 1825 Beati
717 1762 809 1844 egeni
846 1759 922 1844 quia
954 1769 1095 1824 uestrum
1124 1773 1172 1825 991
1200 1781 1333 1843 regnum
1366 1759 1407 1822 di.

278 1855 315 1908 21
349 1844 443 1909 Beati
477 1845 531 1929 qui
563 1869 648 1910 nunc
681 1845 824 1910 esuriunt
855 1852 887 1910 et
919 1844 1035 1910 sitiunt
1071 1844 1226 1910 iustitiam
1259 1843 1406 1929 quoniam

283 1928 345 2014 ipsi
367 1929 573 1994 satiabuntur.
618 1930 713 1995 Beati
743 1930 797 2016 qui
826 1954 910 1996 9999
932 1931 1057 2016 plorant
1079 1930 1229 2015 quoniam
1250 1930 1406 1994 ridebunt.

279 2026 317 2079 22
339 2015 434 2080 Beati
462 2015 551 2080 eritis
582 2039 653 2079 cum
676 2016 800 2081 oderint
821 2039 877 2081 uos
900 2015 1044 2080 homines
1067 2026 1099 2081 91
1121 2016 1246 2101 quando
1268 2037 1409 2098 segrega·

281 2099 389 2166 uerint
410 2123 466 2166 uos
489 2106 521 2166 et
544 2101 765 2167 maledixerint
786 2111 817 2166 91
839 2101 1000 2187 expellent
1021 2124 1135 2167 nomen
1155 2105 1296 2166 uestrum
1318 2099 1408 2184 99991

283 2186 402 2249 malum
431 2193 557 2272 propter
584 2187 685 2251 filiurn
715 2187 852 2251 hominis
888 2197 922 2251 23
944 2187 1078 2271 gandete
1100 2187 1133 2250 in
1156 2187 1246 2250 illum
1269 2185 1353 2250 diem
1376 2189 1409 2250 et

281 2270 424 2336 exultate
448 2320 454 2332 .
478 2295 549 2336 ecce
573 2271 657 2336 enirn
679 2295 800 2337 merces
823 2279 929 2339 uestra
957 2273 991 2336 19
1021 2272 1116 2338 caelis
1144 2278 1193 2336 est
1213 2294 1269 2357 per
1297 2271 1407 2335 eadem

281 2356 368 2420 enim
391 2355 548 2422 faciebant
569 2357 699 2443 profetis
720 2364 825 2442 patres
846 2357 982 2422 illorum.
1026 2368 1061 2421 24
1087 2358 1209 2422 Uerum
1235 2380 1295 2421 uae
1316 2355 1407 2420 uobis

284 2440 436 2506 diuitibus
477 2443 625 2527 quoniam
664 2443 822 2508 consecuti
859 2443 934 2508 estis
969 2442 1214 2528 postulationem
1257 2450 1405 2506 uestram.

279 2527 407 2591 251199
430 2527 519 2592 uobis
542 2529 673 2594 saturati
696 2529 844 2613 quoniam
868 2528 1023 2593 esurietis.
1056 2529 1127 2594 Uae
1148 2528 1238 2592 uobis
1254 2526 1307 2612 qui
1323 2549 1407 2591 nunc

282 2612 392 2676 ridetis
415 2613 488 2697 quia
510 2614 666 2699 plangetis
689 2626 720 2680 91
742 2613 912 2700 9191911119.
957 2625 997 2678 26-
1020 2614 1090 2679 Uae
1112 2637 1183 2678 cum
1205 2615 1295 2677 uobis
1316 2613 1408 2676 bene·

280 2697 422 2763 dixerint
443 2721 553 2764 omnes
575 2698 718 2765 homines
748 2722 805 2785 per
833 2702 944 2763 eadem
975 2699 1131 2765 faciebant
1158 2696 1408 2784 pseudoprofetis

282 2789 386 2866 patres
416 2806 534 2848 eorum.
579 2795 613 2848 27
642 2785 696 2850 sed
723 2785 812 2850 uobis
842 2784 896 2870 qui
927 2807 1012 2849 nunc
1041 2784 1156 2849 auditis
1185 2783 1255 2848 dico
1284 2782 1407 2866 diligite

275 2867 427 2949 inimicos
450 2875 570 2934 uestros
592 2869 767 2936 benefacite
790 2870 834 2936 eis
857 2869 913 2955 qui
936 2893 993 2934 uos
1008 2869 1142 2934 oderunt
1173 2879 1208 2933 28
1230 2867 1407 2934 benedicite

283 2953 506 3018 maledicentes
535 2977 591 3019 uos
624 2965 710 3021 orate
743 2979 799 3040 pro
832 2955 878 3020 eis
907 2955 963 3039 991
991 2954 1082 3020 99119
1109 2954 1257 3019 1911111919
1285 2952 1406 3017 1991991

280 3046 316 3100 29
339 3046 371 3100 91
398 3037 452 3121 qui
483 3048 513 3104 19
542 3041 729 3124 99199999111
758 3041 790 3106 19
814 3040 979 3105 maxillam
1001 3041 1116 3126 praebe
1138 3040 1168 3104 ei
1191 3046 1222 3104 et
1244 3039 1375 3103 alteram
1399 3086 1404 3099 .

284 3128 316 3186 et
338 3121 368 3185 ei
390 3122 445 3207 991
467 3146 486 3186 9
507 3129 539 3189 19
561 3125 682 3190 auferet
703 3126 841 3210 palleum
856 3131 946 3191 tuum
961 3127 1088 3191 remitte
1102 3125 1242 3190 tunicam
1270 3136 1305 3189 30
1320 3123 1406 3188 omni

283 3213 392 3271 autem
416 3209 471 3292 qui
493 3209 573 3294 petit
595 3210 634 3274 da
656 3213 748 3275 9191
771 3234 807 3275 9ο
830 3211 886 3295 991
908 3210 1030 3276 9919191
1052 3219 1108 3275 199
1133 3211 1199 3274 9911
1228 3211 1405 3294 deposcere.

280 3303 316 3356 31
339 3304 371 3356 et
392 3295 547 3378 quomodo
570 3294 668 3360 uultis
690 3305 726 3360 ut
748 3295 815 3340 ¹¹⁰bl⁸
837 3295 957 3361 faciant
978 3296 1121 3360 homines
1144 3319 1200 3360 uos
1222 3294 1286 3359 illis
1302 3293 1404 3358 199119.

280 3389 316 3441 32
344 3401 417 3442 9919
447 3379 474 3443 91
502 3380 640 3464 diligites
669 3383 723 3466 qui
746 3403 803 3446 uos
830 3382 967 3464 diligunt
990 3405 1071 3466 quae
1093 3386 1141 3445 991
1162 3379 1251 3446 99119
1273 3380 1375 3464 gratia
1398 3430 1404 3442 .

281 3473 315 3526 91
336 3469 515 3547 peccatores
542 3465 627 3529 enim
649 3466 786 3550 diligunt
808 3489 860 3531 eos
883 3468 939 3551 qui
961 3489 995 3532 se
1017 3466 1155 3548 diligunt
1196 3477 1231 3530 33
1254 3487 1336 3549 quae
1359 3474 1407 3528 est

282 3549 373 3612 uobis
399 3550 500 3632 gratia
527 3573 599 3614 nam
630 3556 661 3616 et
687 3559 865 3635 peccatores
895 3553 927 3616 id
958 3552 1050 3637 ipsud
1072 3551 1202 3617 faciunt.
1246 3549 1357 3615 94991
1379 3550 1406 3614 si

280 3633 502 3700 feneraueritis
525 3635 570 3700 eis
593 3659 612 3700 a
633 3635 748 3720 quibus
769 3637 901 3718 speratis
924 3639 1064 3722 19919919
1079 3660 1159 3721 9999
1175 3635 1267 3701 99119
1279 3635 1405 3721 gratia.

280 3725 315 3783 91
335 3726 514 3805 peccatores
536 3720 621 3785 enirn
643 3724 858 3806 peccatoribus
880 3723 1026 3787 fenerant
1046 3731 1084 3786 ut
1105 3724 1266 3806 recipiant.
1300 3731 1335 3785 35
1354 3743 1406 3784 ue·

282 3827 351 3867 rum
376 3804 445 3869 dico
467 3804 590 3890 diligite
613 3807 757 3872 inimicos
780 3820 900 3873 uestros
915 3818 948 3872 et
963 3806 1139 3872 benefacite
1154 3807 1203 3872 his
1218 3816 1250 3871 91
1265 3806 1406 3870 19991919

282 3889 363 3953 91111
392 3890 587 3976 disperantes
618 3900 651 3958 91
679 3893 740 3957 9111
768 3893 879 3958 1991919
902 3901 1008 3957 999119
1029 3892 1143 3976 magna
1166 3941 1173 3954 .
1197 3902 1229 3956 91
1251 3891 1405 3956 9111191111

282 3973 428 4040 altissimi
444 3977 475 4040 di
491 3976 722 4063 quoniamipse
740 3978 892 4062 benignus
903 3984 951 4042 est
965 4001 1059 4063 99991
1073 3977 1212 4061 ingratos
1228 3983 1260 4042 et
1275 3999 1404 4061 nequas.

279 4071 316 4124 36
349 4066 449 4126 991919
478 4061 693 4128 misericordes
721 4063 803 4128 91991
830 4073 861 4128 91
888 4072 979 4148 99191
1007 4071 1112 4128 999191
1140 4061 1315 4127 misericors
1348 4071 1404 4126 est.

280 4155 315 4208 37
338 4145 436 4211 nolite
459 4146 599 4212 iudicare
621 4171 661 4212 ne
682 4147 841 4215 iudicetur
863 4149 902 4213 de
929 4147 1019 4213 uobis
1043 4194 1050 4209 .
1072 4147 1171 4212 nolite
1197 4147 1405 4214 condemnare

283 4252 323 4292 ne
352 4232 605 4297 condemnemini
633 4232 785 4299 dimittite
814 4242 847 4300 et
875 4233 1048 4299 dimittitur
1076 4232 1174 4297 uobis.
1219 4245 1254 4298 38
1279 4233 1352 4297 date
1374 4238 1406 4296 et

281 4314 409 4380 darritur
431 4317 520 4384 uobis
554 4340 701 4383 mensura
730 4320 812 4384 bona
841 4326 996 4385 commota
1023 4317 1253 4404 superfundens
1281 4316 1407 4381 dabitur

283 4397 316 4462 in
343 4399 427 4467 sinos
457 4412 579 4470 uestros
602 4426 664 4487 999
686 4405 767 4469 enlm
790 4404 1218 4470 19999919199999199911119
1241 4403 1351 4467 eadem
1374 4414 1406 4466 et

283 4485 431 4552 metietur
461 4489 560 4554 uobis.
611 4501 645 4553 39
674 4489 718 4555 Et
744 4489 985 4556 similitudinem
1011 4490 1135 4555 dicebat
1161 4489 1226 4554 illis
1251 4486 1406 4570 numquid
