3667 5284
313 454 344 508 O.
367 455 406 506 11.
426 454 466 504 12.
847 452 914 504 Luc.
1398 452 1441 514 69

313 641 364 705 ihs
399 641 437 704 ad
470 639 560 704 illum
585 690 591 702 .
616 663 700 704 nuno
733 661 790 703 uos
824 637 982 724 pharisaei
1012 637 1099 723 prius
1127 638 1210 722 quod
1242 643 1289 703 444
1316 661 1334 701 4
1365 637 1441 701 14414

314 727 422 792 4411414
458 736 489 789 44
515 723 611 790 444141
646 724 874 789 commundatis
910 724 993 807 quod
1029 733 1134 787 autem
1171 723 1360 788 intrinsecus
1391 730 1440 786 est

315 813 404 878 uobis
427 811 556 896 plenum
579 816 627 875 est
648 811 777 894 rapinae
800 817 831 874 44
853 808 1018 892 niquitiae.
1069 818 1104 872 40
1131 808 1221 874 444141
1252 831 1357 873 44444
1384 809 1439 892 qui

315 897 391 963 feeit
413 896 497 982 quod
519 901 566 960 444
588 895 674 960 14444
696 894 770 959 14414
794 903 825 958 44
848 894 931 978 quod
953 893 1029 957 foris
1052 905 1107 957 est.
1152 903 1186 956 41
1213 917 1324 958 nerum
1348 893 1440 957 datae

316 989 347 1050 44
369 981 551 1064 ecceuobis
574 981 691 1044 munda
713 979 827 1044 omnia.
872 987 906 1041 42
930 977 994 1043 Sed
1013 1002 1072 1042 uae
1088 979 1177 1044 uobis
1192 979 1351 1064 pharisaei
1367 983 1440 1062 quia
1526 1024 1532 1036 .

315 1067 478 1135 decimatis
489 1075 625 1131 mentam
639 1073 671 1129 et
685 1073 813 1130 anetum
826 1067 858 1128 44
872 1087 997 1128 omnem
1007 1064 1076 1128 olus
1087 1069 1119 1128 et
1132 1064 1273 1129 transitis
1287 1063 1440 1128 iudicium

316 1163 347 1220 et
363 1154 513 1217 dilectum
530 1153 560 1216 di
581 1152 659 1216 hacc
678 1150 762 1215 enim
781 1150 943 1235 oportebat
964 1148 1067 1213 facere
1089 1158 1122 1213 et
1144 1149 1198 1213 illa
1220 1173 1283 1214 non
1305 1153 1442 1245 praeter·

317 1240 449 1305 mittere.
494 1247 528 1302 43
549 1238 619 1302 Uae
635 1237 724 1300 uobis
739 1234 896 1321 pharisaei
912 1235 987 1319 quia
1003 1233 1134 1320 diligitis
1149 1236 1266 1321 primas
1288 1257 1441 1299 sess1ones

315 1326 348 1389 i'n
371 1322 537 1409 synagogis
560 1332 592 1386 ct
615 1321 818 1386 salutationes
841 1321 874 1385 in
897 1319 973 1384 foro.
1019 1329 1054 1383 44
1087 1321 1156 1385 Uaa
1179 1319 1267 1385 uobis
1290 1320 1440 1404 quoniam

315 1409 390 1476 estis
423 1413 627 1473 monumenta
661 1429 742 1491 quae
774 1430 837 1470 non
864 1411 977 1490 parent
1008 1414 1039 1468 44
1067 1405 1211 1470 homines
1243 1407 1440 1470 ambulantes

315 1518 408 1581 super
436 1493 492 1558 illa
519 1493 672 1558 nesciunt.
717 1502 751 1556 45
773 1491 981 1576 Respondens
1011 1497 1116 1554 autem
1140 1491 1268 1575 quidam
1295 1514 1335 1554 ex
1361 1491 1440 1573 legis

315 1580 492 1646 doctoribus
524 1629 530 1641 .
563 1577 641 1642 dicit
669 1577 714 1640 illi
742 1575 892 1660 magister
921 1577 1000 1640 haec
1028 1575 1135 1640 dicens
1169 1576 1258 1641 nobis
1292 1576 1440 1640 iniuriam

314 1665 400 1730 facis.
445 1665 563 1729 461114
586 1668 692 1726 autern
715 1661 797 1726 dixit
819 1667 850 1726 et
872 1661 962 1729 uobis
984 1661 1063 1744 legis
1085 1661 1261 1726 doctoribus
1285 1685 1344 1725 444
1368 1661 1440 1745 qniab

314 1749 491 1816 honorastis
514 1748 651 1814 hominis
674 1747 843 1812 honeribus
866 1746 1015 1830 grauibus
1032 1799 1038 1810 .
1056 1754 1087 1810 44
1102 1746 1163 1831 ipsi
1185 1770 1248 1811 uno
1271 1771 1311 1810 ex
1333 1746 1440 1831 digitis

315 1859 378 1900 non
412 1833 553 1918 tangitis¹
572 1833 655 1919 ipsas
688 1832 832 1898 sarcinas.
875 1841 909 1895 47
942 1833 1011 1897 1144
1045 1832 1134 1896 uobis
1167 1831 1241 1916 quia
1269 1831 1440 1896 aedificatis

315 1925 519 1985 monumenta
545 1917 738 2004 profetarum
763 1968 768 1979 .
792 1923 896 2002 patres
926 1924 1033 1981 autem
1063 1916 1162 1982 uestri
1184 1941 1237 1982 eos
1259 1917 1441 1982 occiderunt
1533 1947 1536 1950 ·

315 2017 349 2071 48
371 2027 485 2090 nampe
508 2003 692 2069 consentitis
714 2026 776 2066 non
799 2003 924 2088 plaeere
946 2001 1035 2066 uobis
1057 2001 1140 2067 faeta
1167 2013 1291 2088 patrum
1321 2009 1438 2068 uestro-

316 2115 385 2156 rum
399 2089 484 2174 ,quia
506 2089 568 2175 ipsi
590 2112 642 2154 eos
664 2088 847 2153 occiderunt
869 2140 875 2151 .
899 2110 956 2152 uos
972 2092 1078 2151 autem
1092 2087 1271 2171 gloriamini
1303 2098 1337 2152 49
1351 2111 1442 2173 prop·

316 2185 402 2242 terea
424 2183 456 2240 44
478 2173 633 2260 sapientia
656 2174 687 2237 di
710 2173 791 2237 dixit
815 2173 938 2238 mittam
955 2173 1073 2237 1411144
1088 2173 1225 2258 profetas
1240 2182 1272 2238 et
1286 2174 1442 2258 apostolos

318 2265 350 2326 44
372 2285 411 2324 ex
433 2261 517 2345 ipsos
539 2259 681 2324 occident
696 2267 727 2323 et
741 2266 970 2344 persequentur
1002 2269 1037 2323 50
1050 2265 1086 2322 44
1101 2259 1286 2344 exquiratur
1307 2282 1440 2342 sangues

316 2347 457 2411 omnium
487 2345 679 2431 profetarum
708 2344 762 2430 qui
786 2343 903 2408 effusus
926 2352 974 2408 444
996 2368 1014 2407 4
1036 2343 1147 2408 mundi
1173 2345 1439 2409 constitutionem,

315 2443 348 2497 51
377 2455 395 2496 a
424 2431 577 2515 sanguine
606 2431 676 2494 abel
704 2428 779 2494 iusti
803 2452 902 2513 usque
927 2429 965 2493 ad
988 2429 1174 2512 sanguinem
1200 2429 1362 2494 zachariae
1385 2429 1439 2513 qui

314 2517 410 2604 periit
431 2516 513 2580 inter
536 2516 633 2580 altare
656 2522 687 2579 44
709 2516 863 2598 templum
888 2565 893 2576 .
918 2514 963 2578 ita
986 2514 1055 2578 dieo
1078 2515 1167 2579 uobis
1194 2515 1269 2600 quia
1297 2515 1441 2601 inquitur
1516 2580 1518 2584 ,

314 2603 437 2668 sacculo
459 2602 528 2666 1444,
574 2611 608 2664 52
629 2600 699 2664 1144
723 2601 811 2664 uobis
833 2600 911 2684 legis
934 2599 1112 2664 doctoribus
1141 2601 1289 2684 quoniam
1317 2602 1441 2666 abscon·
1478 2680 1480 2685 Ι

314 2687 388 2752 (11414
411 2689 531 2751 clauem
554 2685 704 2750 scientiae
720 2708 776 2749 uos
798 2709 861 2750 non
884 2685 1022 2749 introitis
1045 2691 1077 2750 44
1092 2687 1287 2752 introeuntes
1302 2691 1439 2751 44444444

313 2772 452 2837 introire.
498 2783 531 2836 53
561 2769 644 2835 Oum
675 2772 753 2835 haec
784 2777 888 2835 autem
920 2770 1037 2835 diceret
1065 2771 1105 2834 ad
1136 2772 1244 2836 44414
1272 2777 1441 2857 conspectu

317 2857 413 2922 444144
442 2857 551 2942 populi
581 2866 750 2941 coeperunt
782 2855 940 2941 pharisaei
962 2866 994 2920 44
1024 2856 1103 2940 legis
1134 2857 1274 2922 doctores
1303 2857 1441 2941 grauiter

318 2944 432 3006 habere
462 2948 493 3006 44
520 2941 661 3006 conferre
689 2941 737 3005 illi
764 2941 802 3006 de
833 2941 975 3026 pluribus
1019 2951 1053 3005 54
1074 2949 1260 3026 quaerentes
1283 2943 1440 3007 occansio-

318 3051 390 3092 nem
414 3027 551 3111 aliquam
575 3025 870 3091 14444144444444
894 3033 1086 3091 accusarent.

402 3109 486 3175 XII.
540 3124 554 3174 1
588 3135 659 3176 cum
693 3111 791 3177 multa
825 3116 930 3176 autem
963 3113 1055 3176 turba
1088 3113 1335 3178 circumdedissit
1367 3136 1439 3176 eum
1513 3187 1514 3190 Ἴ

318 3196 458 3280 undique
487 3201 523 3260 44
551 3196 691 3260 inuicem
718 3219 751 3261 44
781 3196 1000 3262 444441444444
1026 3197 1129 3283 coepit
1159 3198 1262 3262 dicere
1291 3199 1331 3262 ad
1353 3197 1440 3261 disci·

318 3284 409 3368 pulos
437 3305 509 3346 suos
541 3281 701 3346 adtendite
727 3281 817 3346 uobis
840 3283 1034 3347 4144444444
1061 3305 1141 3366 quae
1165 3292 1211 3347 est
1232 3283 1316 3346 fictio
1338 3284 1440 3368 phari-

317 3390 459 3432 saeorum
504 3377 521 3429 2
550 3367 630 3430 nihil
657 3373 762 3432 autam
793 3375 910 3432 tectum
943 3378 990 3432 est
1020 3369 1102 3453 quod
1131 3392 1194 3432 non
1224 3374 1382 3452 retegatur
1408 3379 1440 3433 44

317 3452 532 3517 absconditum
567 3452 649 3537 qnod
681 3476 743 3516 non
779 3460 990 3535 cognoscatur.
1034 3465 1051 3517 3
1084 3459 1210 3538 propter
1239 3454 1322 3538 quod
1348 3477 1440 3538 quae-

318 3560 452 3622 cumque
475 3537 507 3600 in
531 3537 668 3600 tenebris
690 3537 786 3602 locuti
810 3538 884 3602 estis
911 3538 944 3601 in
975 3539 1044 3604 1444
1073 3539 1241 3602 audientur
1265 3591 1270 3602 ,
1295 3548 1327 3602 44
1356 3540 1440 3624 quod

317 3624 350 3687 in
374 3646 449 3686 4444
473 3622 567 3686 144441
591 3622 665 3687 44414
687 3623 718 3687 14
743 3623 964 3708 promptuariis
987 3625 1216 3709 praedicabitur
1242 3631 1440 3710 supertecta

317 3714 404 3773 etin
427 3708 549 3793 plateis.
582 3708 697 3772 4Dioo
720 3717 824 3773 autem
848 3709 938 3772 uobis
960 3709 1069 3773 amicis
1092 3710 1277 3774 4444144411ῐθ
1300 3721 1440 3774 metuere

316 3794 355 3857 ab
379 3793 424 3858 eis
447 3795 501 3877 qui
525 3793 667 3858 occident
687 3817 797 3879 corpus
814 3801 845 3859 et
860 3800 969 3879 postea
983 3818 1045 3858 non
1060 3795 1155 3879 habet
1170 3794 1304 3880 amplius
1319 3795 1439 3879 aliquid

316 3879 427 3943 facere.
474 3889 490 3942 5
520 3877 692 3943 Ostendam
722 3896 827 3943 autem
856 3879 945 3943 uobis
973 3903 1066 3963 quem
1097 3884 1245 3944 metuatis
1277 3932 1282 3943 .
1308 3881 1439 3945 metuite

316 3988 388 4028 eum
423 3965 477 4048 qui
511 3969 714 4049 posteaquam
748 3964 864 4031 oceidit
895 3966 990 4028 habet
1026 3971 1214 4050 potestatem
1246 3965 1372 4030 mittere
1405 3966 1439 4030 in

316 4050 492 4132 gehennam
526 4048 571 4112 ita
603 4049 673 4114 dico
703 4050 792 4114 uobis
824 4051 908 4113 hune
938 4050 1056 4114 timete.
1101 4062 1118 4114 6
1150 4051 1266 4114 Nonne
1299 4050 1439 4136 quinque

297 4203 298 4206 ,
316 4157 455 4220 passeres
477 4133 611 4199 ueniunt
632 4135 784 4220 dipundio
808 4145 839 4198 et
862 4158 943 4198 unus
966 4135 1072 4200 exilis
1088 4159 1151 4198 non
1167 4137 1262 4200 estin
1282 4138 1439 4203 oblibione

317 4222 350 4283 in
373 4230 539 4304 conspectu
563 4220 626 4282 dni.
662 4231 677 4283 7
700 4221 754 4283 sed
778 4227 809 4283 et
832 4220 937 4304 capilli
960 4220 1072 4305 eapitis
1092 4221 1190 4286 uestri
1210 4246 1317 4288 omnes
1331 4245 1438 4287 nume-

317 4304 378 4368 rati
408 4313 482 4370 sunt
511 4303 609 4369 nolite
639 4305 746 4387 itaque
769 4305 881 4369 timere
904 4304 1012 4370 multis
1035 4307 1213 4391 passeribus
1235 4309 1341 4392 plures
1364 4308 1438 4372 estis

318 4411 381 4453 uos.
426 4402 443 4454 8
470 4389 552 4454 Dico
584 4394 690 4454 autem
720 4391 806 4454 uobis
843 4414 951 4455 omnes
983 4392 1037 4476 qui
1067 4415 1117 4455 me
1151 4392 1310 4457 confessus
1342 4392 1439 4457 fuerit

317 4496 419 4538 eoram
448 4474 628 4540 hominibus
656 4480 687 4540 et
717 4475 801 4540 filius
833 4476 970 4541 hominis
1001 4477 1198 4542 confitebitur
1221 4477 1310 4541 illum
1334 4501 1437 4542 coram
