3667 5284
306 443 335 496 C.
354 444 378 495 3.
836 438 895 494 Ioh.
1387 441 1428 506 21

305 627 346 695 sit
368 651 465 694 senex
490 678 495 690 .
520 627 673 712 numquid
697 632 801 718 potest
815 626 849 690 in
864 632 954 692 utero
970 625 1165 692 matrissuae
1181 627 1284 692 denuo
1299 625 1430 692 introire

255 768 257 772 .
307 722 339 780 et
361 712 492 780 renasci.
538 713 753 799 5Respondit
781 711 832 776 ils
861 733 953 776 amen
981 735 1073 776 amen
1103 713 1172 777 dico
1195 711 1253 777 tibi
1274 711 1335 777 nisi
1359 714 1432 797 quis

306 809 434 865 renatus
456 798 552 864 fuerit
574 823 614 863 ex
637 821 718 882 aqua
740 804 772 862 et
794 797 853 884 spt'l
876 820 939 861 non
961 804 1065 882 potest
1087 797 1226 862 introire
1241 797 1275 861 in
1296 819 1428 882 rognum

306 886 473 952 caelorum.
518 895 535 948 6
557 883 651 967 Quod
674 889 784 948 natum
807 889 855 958 est
877 883 915 946 de
939 905 1033 948 carne
1056 906 1127 948 caro
1150 890 1197 947 est
1219 883 1369 968 quoniam
1391 883 1432 948 de

306 991 399 1036 carne
422 976 532 1035 natum
555 973 602 1034 est
626 1019 632 1032 .
657 974 688 1034 et
710 968 795 1053 quod
818 969 856 1033 de
879 969 938 1053 spir
960 977 1069 1034 natum
1085 973 1134 1033 est
1149 973 1202 1053 sps
1218 977 1264 1033 est
1280 967 1431 1054 quoniam
1460 1039 1463 1044 ,

305 1057 343 1120 ds
376 1060 430 1141 sps
463 1063 519 1121 est.
564 1067 580 1118 7
614 1055 665 1119 Nc
699 1052 823 1118 mireris
852 1052 1003 1137 quoniam
1036 1053 1104 1118 dixi
1133 1054 1192 1118 tibi
1221 1061 1345 1140 oportet
1374 1077 1432 1118 uos

305 1140 426 1206 renasci
449 1140 552 1205 denuo
595 1152 611 1204 8
642 1144 695 1224 sps
724 1139 777 1202 ubi
805 1140 876 1203 uult
908 1140 964 1203 flat
994 1143 1025 1204 et
1051 1162 1162 1204 uocem
1188 1138 1257 1203 eius
1286 1137 1377 1203 audis
1399 1145 1433 1204 et

305 1249 368 1291 non
390 1225 451 1290 scis
473 1225 557 1290 unde
580 1224 688 1289 ueniat
710 1232 742 1289 et
763 1246 825 1309 quo
848 1231 899 1288 eat
921 1224 967 1288 sic
989 1231 1037 1289 est
1059 1223 1161 1289 omnis
1183 1224 1237 1307 qui
1261 1234 1354 1288 natus
1384 1231 1433 1289 est

305 1335 346 1376 ex
368 1334 450 1395 aqua
472 1316 504 1376 et
525 1309 593 1394 spu.
628 1321 644 1376 9
666 1309 845 1394 Respondit
867 1309 1050 1374 nicodemus
1072 1318 1104 1374 et
1126 1309 1208 1374 dixit
1230 1308 1259 1372 ei
1275 1311 1432 1394 quomodo

279 1449 281 1457 a
304 1403 435 1482 possunt
456 1394 517 1460 ista
539 1395 616 1460 fieri,
663 1407 696 1459 10
717 1393 896 1480 Respondit
917 1394 970 1458 iis
994 1400 1025 1460 et
1047 1394 1094 1459 dit
1116 1395 1146 1459 ei
1168 1404 1204 1458 tu
1227 1419 1259 1459 es
1280 1394 1433 1480 magister

305 1482 444 1546 isdrahel
466 1491 497 1546 et
526 1482 604 1546 haec
633 1480 767 1564 ignoras.
823 1492 855 1543 11
889 1480 997 1544 Amen
1031 1503 1124 1545 amen
1155 1479 1224 1544 dico
1255 1478 1314 1544 tibi
1348 1480 1431 1564 quod

305 1567 421 1633 scimus
447 1565 606 1652 loquimur
632 1573 664 1631 et
691 1564 774 1649 quod
801 1563 938 1630 uidimus
966 1565 1184 1629 testimonium
1211 1563 1375 1630 dicimus,
1399 1575 1432 1629 θῖ

304 1651 521 1718 testimonium
543 1661 685 1716 nostrum
708 1674 770 1714 non
794 1649 945 1735 accipitis.
981 1661 1014 1713 12
1036 1650 1244 1727 siterrestria
1259 1649 1326 1714 dixi
1341 1649 1434 1715 uobis

305 1745 337 1802 et
365 1761 428 1802 non
458 1737 585 1802 creditis
616 1736 771 1820 quomodo
800 1735 827 1800 si
855 1735 1002 1800 caelestia
1029 1736 1151 1801 locutus
1174 1735 1263 1800 fuero
1287 1735 1431 1801 credetis.

305 1835 338 1888 13
360 1823 464 1887 Nemo
487 1821 628 1887 ascendit
650 1823 684 1885 in
706 1821 832 1885 caelum
850 1821 911 1884 nisi
935 1821 989 1906 qni
1013 1821 1052 1884 de
1068 1823 1153 1886 caelo
1169 1821 1324 1886 discendit
1345 1821 1433 1886 filius

304 1907 442 1972 hominis
471 1910 527 1992 qui
555 1915 622 1972 erat
648 1906 681 1970 in
711 1905 814 1971 caelis.
861 1916 894 1968 14
916 1905 998 1971 sicut
1020 1907 1105 1970 enim
1129 1927 1254 1990 moyses
1277 1907 1432 1972 exaltauit

305 2001 483 2079 serpentem
512 1991 545 2056 in
576 1992 713 2057 derserto
739 2041 745 2053 .
776 1992 818 2056 ita
846 1991 980 2056 exaltari
1007 2001 1129 2076 oportet
1160 1991 1259 2055 filium
1293 1991 1433 2074 hominis

306 2089 339 2142 15
362 2085 398 2143 ut
420 2101 528 2142 omnes
550 2077 605 2163 qui
627 2076 817 2142 crediderint
849 2075 884 2140 in
907 2101 978 2140 eum
1002 2101 1064 2140 non
1088 2083 1196 2162 pereat
1217 2077 1273 2141 sed
1294 2078 1432 2141 habeant

305 2162 404 2227 uitam
427 2173 597 2228 aeternam.
643 2175 676 2226 16
706 2161 760 2228 Sic
789 2160 874 2230 enim
906 2162 1018 2226 dilexit
1041 2164 1078 2225 ds
1101 2164 1254 2226 mundum
1277 2171 1313 2226 ut
1335 2161 1431 2228 etiam

304 2249 434 2312 unicum
455 2248 555 2312 filium
579 2271 672 2312 suum
695 2247 831 2311 mitteret
853 2247 886 2312 in
908 2248 993 2312 hunc
1016 2249 1168 2312 mundum
1192 2254 1228 2312 ut
1250 2247 1352 2311 omnis
1375 2246 1431 2332 qui

305 2333 473 2398 crediderit
502 2334 535 2398 in
563 2357 637 2397 eum
667 2356 729 2396 non
756 2340 865 2418 pereat
894 2334 949 2397 sed
976 2334 1090 2396 habeat
1125 2335 1225 2398 uitam
1258 2342 1428 2397 aeternam.

305 2431 337 2483 17
359 2419 432 2483 Non
456 2419 539 2484 enim
564 2419 651 2483 misit
672 2420 710 2482 ds
732 2419 832 2482 filium
856 2441 949 2482 suum
972 2428 1008 2483 ut
1030 2417 1149 2482 iudicet
1171 2419 1333 2482 saeculum
1350 2470 1357 2483 .
1373 2418 1430 2482 sed

304 2509 340 2568 ut
366 2504 506 2570 soluetur
528 2501 689 2569 saeculum
713 2522 768 2588 per
790 2502 894 2588 ipsum
949 2515 983 2568 18
1016 2503 1071 2588 qui
1094 2504 1193 2568 credit
1215 2503 1249 2567 in
1271 2527 1345 2568 eum
1367 2526 1430 2567 non

303 2588 461 2655 iudicatur
486 2639 492 2651 .
516 2589 571 2675 qui
594 2596 700 2654 autem
724 2612 786 2654 non
811 2589 979 2654 crediderit
1008 2588 1073 2652 iam
1100 2589 1257 2654 iudicatus
1286 2595 1335 2653 est
1356 2587 1433 2674 quia

303 2699 366 2739 non
401 2675 533 2740 credidit
565 2675 599 2739 in
633 2673 761 2738 nomine
795 2674 893 2739 unici
913 2673 961 2738 fili
990 2675 1032 2738 di.
1077 2686 1109 2739 19
1140 2675 1212 2739 Ηοθ
1245 2680 1351 2738 autem
1382 2679 1432 2739 est

303 2760 456 2824 iudicium
479 2761 627 2844 quoniam
645 2761 702 2824 lux
719 2759 810 2824 uenit
832 2758 866 2822 in
889 2760 1049 2824 saeculum
1072 2765 1104 2824 et
1126 2760 1227 2844 magis
1249 2760 1430 2824 dilexerunt

303 2845 447 2909 homines
470 2847 614 2911 tenebras
638 2868 732 2930 quarn
755 2845 859 2910 lucem
882 2851 950 2909 erat
971 2844 1057 2908 enim
1073 2868 1181 2909 eorum
1202 2868 1296 2930 opera
1310 2844 1429 2930 iniqua.

304 2941 338 2994 20
366 2930 467 2995 omnis
494 2931 578 2995 enirn
607 2933 662 3016 qui
695 2929 761 3014 agit
787 2931 871 2994 mala
901 2931 968 2994 odit
996 2931 1104 2996 lumen
1134 2939 1166 2995 et
1193 2954 1257 2995 non
1280 2930 1370 2995 uenit
1391 2930 1431 2994 ad

304 3015 411 3080 lumen
434 3038 474 3079 ne
496 3015 716 3080 manifestetur
737 3038 831 3100 opera
854 3015 931 3080 eius,
977 3027 1010 3078 21
1034 3015 1099 3100 Qui
1121 3023 1226 3080 autem
1250 3015 1327 3080 facit
1349 3014 1429 3079 ueri·

304 3106 402 3164 tatem
432 3100 520 3165 uenit
551 3101 590 3164 ad
620 3101 728 3164 lumen
757 3107 793 3164 ut
825 3100 1047 3165 manifestetur
1069 3123 1163 3187 opera
1186 3102 1255 3165 eius
1279 3100 1428 3186 quoniam

305 3185 338 3248 in
355 3185 395 3254 do
411 3192 485 3250 sunt
500 3193 636 3271 operata.
681 3197 715 3248 22
738 3186 815 3250 Post
829 3186 907 3250 haec
924 3186 1013 3251 uenit
1027 3187 1078 3250 its
1098 3198 1131 3250 et
1150 3186 1297 3271 discipuli
1312 3186 1380 3251 eius
1395 3185 1429 3249 in

304 3270 449 3334 iudaeam
481 3277 595 3335 terram
630 3279 661 3334 θῖ
688 3269 753 3334 illic
781 3272 961 3336 morabatur
993 3295 1065 3336 cnm
1094 3272 1141 3336 eis
1175 3279 1207 3335 et
1240 3271 1428 3356 baptizabat.

303 3367 337 3420 23
360 3355 438 3420 Fuit
460 3364 567 3420 autem
590 3355 736 3419 iohannis
759 3356 922 3441 baptizans
943 3357 976 3420 in
1004 3381 1108 3422 eremo
1130 3359 1220 3421 iuxta
1242 3357 1333 3421 satim
1355 3378 1430 3441 quo-

303 3441 389 3504 niam
413 3464 513 3525 aquae
536 3442 655 3505 multae
678 3448 767 3505 erant
789 3441 855 3506 illic
877 3448 910 3504 et
936 3442 1102 3507 uenientes
1125 3437 1164 3506 ad
1192 3465 1265 3506 eum
1293 3442 1429 3528 baptiza-

302 3527 424 3590 bantur.
470 3537 505 3590 24
526 3527 661 3590 necdum
685 3526 824 3590 enimin
849 3549 973 3592 carcere
1004 3528 1118 3592 missus
1145 3527 1249 3592 fuerat
1271 3527 1428 3593 iohannis,

302 3622 336 3676 25
363 3611 462 3676 Facta
491 3618 538 3676 est
566 3611 672 3695 itaque
703 3611 846 3697 quaestio
881 3613 918 3676 de
953 3612 1145 3677 discentibus
1176 3613 1323 3678 iohannis
1356 3636 1428 3678 cum

302 3697 425 3764 iudaeis
447 3697 486 3761 de
508 3697 702 3781 purgatione.
747 3707 781 3760 26
803 3707 835 3762 θῖ
857 3706 1014 3762 uenerunt
1036 3698 1075 3762 ad
1097 3698 1267 3762 iohannem
1289 3706 1322 3762 et
1344 3698 1429 3762 dixe·

303 3792 378 3848 runt
400 3783 429 3846 ei
452 3782 540 3846 rabbi
563 3781 617 3866 qui
640 3781 701 3845 fuit
723 3789 828 3846 tecum
857 3790 944 3847 trans
973 3784 1135 3848 iordanem
1164 3784 1214 3846 cui
1239 3794 1274 3847 tu
1292 3783 1430 3848 testimo-

302 3868 390 3932 nium
419 3867 528 3932 dixisti
559 3890 629 3932 ecce
657 3868 708 3931 hic
742 3866 885 3953 baptizat.
910 3877 942 3932 et
971 3891 1080 3933 omncs
1111 3871 1245 3932 ueniunt
1277 3869 1316 3932 ad
1345 3892 1427 3933 eum.

302 3963 335 4017 at
366 3952 544 4038 Respondit
574 3961 606 4017 et
633 3952 785 4017 iohannes
816 3959 848 4016 et
877 3951 960 4017 dixit
988 3977 1050 4018 non
1078 3960 1181 4039 potest
1207 3955 1299 4018 homo
1326 3953 1429 4019 facere

303 4038 472 4123 quicquam
490 4061 509 4101 a
524 4061 557 4102 se
574 4036 634 4102 nisi
654 4038 763 4101 datum
780 4037 810 4102 ei
830 4037 927 4102 fuerit
945 4038 984 4102 de
1002 4038 1097 4104 caelo.
1135 4049 1169 4103 28
1187 4062 1243 4103 uos
1267 4039 1352 4103 enim
1367 4038 1429 4124 ipsi

303 4123 381 4186 mihi
404 4129 500 4188 testes
523 4123 597 4188 estis
619 4122 767 4208 quoniam
791 4122 858 4187 dixi
881 4123 1005 4208 eisqui
1028 4125 1116 4190 missi
1138 4125 1273 4188 suntab
1295 4125 1430 4189 hieroso-

240 4215 242 4220 ’
302 4207 396 4291 lymis
423 4209 462 4272 ad
492 4231 543 4273 me
573 4209 647 4292 quia
676 4232 739 4272 non
766 4231 835 4273 sum
865 4231 923 4292 ego
953 4216 1014 4296 xps
1041 4210 1095 4275 sed
1126 4209 1200 4293 quia
1222 4210 1336 4274 missus
1358 4231 1428 4273 sum

303 4303 376 4358 ante
398 4293 511 4379 ipsum.
556 4305 590 4358 29
613 4294 668 4379 qui
683 4295 778 4358 habet
792 4293 877 4358 enim
894 4317 1038 4379 sponsam
1054 4318 1185 4382 sponsus
1208 4303 1256 4359 est
1278 4345 1283 4355 .
1308 4293 1428 4359 amicus

303 4386 409 4443 autem
438 4377 544 4464 sponsi
573 4386 620 4444 est
649 4379 705 4465 qui
733 4384 795 4444 stat
823 4385 854 4444 et
880 4381 969 4445 audit
991 4405 1064 4446 enm
1089 4431 1095 4442 .
1120 4391 1152 4445 et
1173 4379 1288 4463 gaudio
1311 4379 1429 4462 gaudet

302 4467 428 4548 propter
449 4487 559 4529 uocem
583 4465 689 4550 sponsi
714 4516 719 4530 .
744 4465 802 4529 hoo
820 4464 917 4549 igitur
932 4467 1081 4551 gaudium
1099 4489 1203 4530 meum
1220 4464 1428 4549 adimpletum
