3667 5284
311 471 340 532 Ο,
358 475 400 529 23.
418 473 459 524 24.
820 469 922 524 Matth
1396 472 1437 534 lt>

310 659 447 725 tinentia
489 671 523 724 26
557 656 701 744 pharisae
730 679 820 722 caece
850 657 988 721 emunda
1020 656 1122 742 primo
1155 657 1238 742 quod
1269 657 1355 722 intus
1389 666 1436 724 est

311 745 417 810 calicis
450 752 486 809 ut
518 745 572 809 fiat
605 744 637 808 id
671 743 754 827 quod
783 765 802 806 a
831 741 906 807 foris
934 741 1002 807 eius
1028 752 1076 806 est
1103 743 1267 806 mundum.
1310 753 1345 806 25
1367 743 1437 809 Uae

312 831 400 895 uobis
434 829 552 895 scribae
582 837 613 894 et
641 827 799 914 pharisaei
828 828 868 912 hy
895 827 1010 892 coritae
1039 827 1190 911 quoniam
1218 826 1332 892 similis
1360 829 1438 893 estis

310 915 524 980 monumentis
546 913 698 982 dealbatis
721 936 801 998 quae
824 937 842 976 a
865 851 944 978 fdris
959 912 1087 997 quidem
1103 926 1255 998 apparent
1270 913 1434 999 speciosa.

311 1001 398 1066 intus
421 1008 527 1066 autem
549 1002 643 1084 plena
665 1008 739 1064 sunt
761 998 882 1064 ossibus
905 1006 1100 1064 mortuorum
1124 1005 1156 1064 et
1176 1021 1285 1063 omnes
1313 997 1436 1062 inmun·

313 1087 418 1151 ditiae.
470 1097 504 1150 28
532 1084 577 1151 ita
609 1092 641 1149 et
671 1107 729 1152 uos
752 1105 770 1150 c
791 1107 810 1148 a
832 1083 907 1149 foris
943 1083 1070 1168 quidem
1103 1083 1220 1169 paretis
1257 1082 1438 1148 hominibus

313 1173 402 1255 quasi
426 1170 501 1236 iusti
524 1222 530 1236 .
554 1169 742 1236 intrinsecus
764 1175 870 1235 autern
893 1169 979 1255 pleni
995 1168 1069 1234 estis
1084 1169 1194 1255 rapina
1209 1174 1242 1234 et
1255 1169 1435 1253 iniquitate.

312 1269 346 1323 29
368 1258 437 1324 Uae
460 1255 549 1320 uobis
572 1255 692 1321 scribae
715 1265 747 1319 et
770 1255 928 1340 pharisaei
951 1253 1134 1340 hypocritae
1156 1255 1306 1340 quoniam
1333 1255 1436 1319 aedifi-

313 1342 390 1407 catis
412 1342 579 1427 sepulcrha
593 1341 787 1426 profetarum
803 1349 834 1406 et
850 1339 1048 1406 exhornastis
1063 1346 1268 1405 monumenta
1282 1339 1435 1404 iustorum

311 1440 346 1492 30
368 1435 399 1492 et
422 1427 533 1491 dicitas
555 1427 582 1493 si
605 1449 744 1490 essemus
766 1426 801 1490 in
823 1426 934 1490 diebus
954 1432 1080 1511 patrum
1102 1430 1277 1491 nostrorum
1313 1436 1347 1489 31
1363 1449 1438 1509 ergo

312 1512 529 1578 testimonium
556 1511 668 1576 dicites
695 1512 734 1575 de
761 1511 852 1576 uobis
884 1511 1033 1595 quoniam
1064 1510 1110 1574 fili
1138 1511 1214 1576 estis
1240 1534 1349 1576 eorum
1381 1510 1436 1595 qui

312 1598 494 1664 occiderunt
515 1597 653 1683 profetas
697 1607 731 1660 32
747 1605 778 1661 et
793 1619 850 1661 uos
873 1596 1086 1680 adimplebitis
1109 1619 1287 1660 mensuram
1310 1602 1437 1681 patrum
1511 1676 1516 1680 .

312 1693 488 1748 uestrorum
532 1694 566 1746 33
589 1691 750 1766 serpentes
765 1681 926 1764 generatio
945 1682 1125 1767 uiperarum
1142 1682 1297 1765 quomodo
1312 1681 1436 1764 fugi⁰tis

313 1767 470 1833 aiudicio
492 1769 665 1852 gehennae.
711 1777 745 1830 34
766 1767 901 1852 Propter
930 1767 989 1831 hoc
1019 1789 1090 1832 eece
1118 1789 1174 1850 ego
1204 1767 1295 1831 mitto
1318 1768 1357 1830 ad
1380 1790 1435 1830 uos

312 1853 450 1940 profetas
472 1861 504 1916 et
526 1853 685 1936 sapientes
708 1861 740 1916 et
762 1853 878 1917 scribas
901 1851 1011 1916 exeis
1037 1851 1232 1917 interficietis
1262 1866 1292 1916 et
1320 1854 1438 1917 erucifi-

312 1939 393 2020 getis
415 1937 615 2021 flagellabitis
637 1936 669 2000 in
693 1938 859 2022 synagogis
881 1945 913 2000 et
929 1960 947 2001 a
962 1937 1092 2002 ciuitate
1115 1937 1149 2005 in
1164 1937 1293 2002 ciuitate
1309 1937 1436 2020 fugietis

313 2036 347 2088 35
369 2032 405 2088 ut
427 2022 536 2087 ueniat
564 2044 658 2107 super
689 2045 744 2086 uos
775 2045 884 2087 omnes
906 2023 1034 2106 sanguis
1057 2023 1158 2088 iustus
1180 2022 1234 2108 qui
1257 2021 1436 2088 effundetur

313 2131 407 2192 super
436 2119 560 2172 terram.
605 2108 638 2170 A
672 2107 825 2192 sanguine
856 2108 926 2172 abel
953 2107 1029 2172 iusti
1054 2131 1155 2192 usque
1181 2108 1221 2172 ad
1249 2108 1434 2192 sanguinem

314 2193 475 2257 zachariae
497 2193 542 2256 fili
564 2193 727 2258 barachiae
749 2216 843 2278 quem
867 2193 1069 2258 interfecistis
1090 2194 1124 2257 in
1147 2193 1250 2261 medio
1271 2193 1382 2279 templi
1404 2203 1438 2258 et

314 2279 429 2343 altaris.
474 2289 508 2342 36
531 2278 636 2342 Amen
669 2276 738 2343 dieo
767 2279 857 2344 uobis
880 2277 1139 2343 uenientomnia
1161 2301 1255 2364 super
1276 2279 1434 2344 saeculum

314 2365 401 2429 istut.
447 2375 480 2428 37
503 2363 705 2428 Hierusalem
734 2363 925 2430 hierusalem
953 2387 1034 2449 quae
1060 2365 1211 2430 interficis
1239 2363 1376 2450 profetas
1405 2372 1437 2428 et

314 2449 433 2534 lapidas
462 2471 515 2514 eos
545 2449 599 2533 qui
626 2448 713 2514 missi
739 2457 814 2514 sunt
841 2451 880 2514 ad
903 2457 936 2514 te
957 2449 1103 2534 quotiens
1131 2449 1219 2514 uolui
1248 2468 1436 2534 congregare

310 2536 391 2599 filios
422 2543 492 2598 tuos
523 2535 678 2618 quomodo
705 2535 823 2618 gallina
851 2546 1020 2620 congregat
1048 2535 1150 2620 pullos
1177 2557 1249 2600 suos
1278 2536 1335 2600 sub
1369 2534 1436 2599 alas

312 2643 383 2686 suas
417 2628 449 2684 et
482 2619 621 2684 noluisti.
665 2632 702 2704 33
733 2643 804 2685 eece
838 2621 1036 2705 relinquetur
1069 2620 1158 2685 uobis
1192 2621 1302 2685 domus
1331 2627 1437 2684 uestra

311 2707 441 2770 deserta.
486 2716 520 2769 39
543 2705 624 2770 Dico
647 2706 733 2769 enim
755 2705 844 2770 uobis
866 2729 930 2771 non
952 2730 1004 2772 me
1026 2705 1175 2771 uidebitis
1191 2706 1289 2771 donee
1305 2705 1438 2772 dicatus

310 2791 495 2856 benedictus
518 2790 573 2874 qui
595 2789 685 2856 uenit
705 2791 739 2855 in
762 2791 890 2856 nomine
912 2792 976 2856 dni.

396 2875 531 2942 XXIV.
577 2887 591 2939 1
620 2875 665 2941 Et
691 2899 764 2941 curn
793 2876 909 2942 exisset
937 2877 989 2940 ihs
1018 2877 1056 2941 de
1089 2876 1206 2961 templo
1239 2885 1437 2941 accesserunt

313 2959 460 3046 discipuli
489 2960 557 3025 eius
583 2962 749 3026 ostendere
777 2961 826 3027 illi
854 2962 996 3027 aedificia
1027 2962 1148 3048 templi.
1193 2973 1210 3025 2
1235 2961 1297 3026 Ille
1329 2968 1436 3026 autem

313 3044 474 3130 respondit
497 3059 530 3110 et
551 3046 632 3110 dixit
654 3047 717 3110 illis
740 3046 856 3112 uidetis
878 3047 984 3113 omnia
1011 3047 1072 3113 ista
1095 3099 1101 3112 .
1126 3069 1217 3111 amen
1245 3047 1315 3112 dico
1346 3045 1438 3112 uobis

312 3153 376 3194 non
399 3129 596 3215 relinquetur
619 3130 670 3196 hic
698 3132 779 3216 lapis
806 3155 900 3218 super
929 3133 1067 3219 lapidem
1090 3133 1145 3216 qui
1167 3155 1231 3196 non
1253 3131 1435 3196 distruatur.

313 3215 426 3299 3Ipso
457 3227 561 3279 autem
591 3216 720 3281 sedente
751 3217 783 3280 in
813 3226 921 3283 monte
950 3218 1060 3283 oliueti
1082 3225 1280 3284 accesserunt
1301 3217 1341 3281 ad
1363 3241 1435 3282 eurn

314 3298 472 3365 discentes
495 3309 627 3366 secerno
651 3301 790 3366 dicentes
814 3353 819 3366 .
844 3303 906 3367 dne
930 3304 980 3369 dio
1006 3303 1096 3369 nobis
1118 3303 1243 3388 quando
1272 3303 1332 3366 ista
1359 3303 1437 3366 fient

313 3390 345 3450 et
367 3386 451 3471 quod
474 3385 597 3469 signum
626 3386 781 3452 aduentus
810 3387 857 3451 tui
890 3389 1176 3454 consummationis.
1221 3387 1437 3473 4Respondit

312 3470 364 3536 ihs
387 3476 418 3535 et
440 3469 513 3535 dixit
535 3481 645 3537 cauete
667 3495 708 3536 ne
731 3471 798 3556 quis
812 3495 869 3538 uos
888 3475 1017 3540 seducat
1060 3486 1076 3538 5
1099 3473 1191 3538 multi
1206 3473 1291 3538 enim
1305 3473 1439 3537 uenient

312 3557 346 3620 in
368 3555 496 3620 nomina
518 3579 588 3620 meo
611 3557 751 3622 dicentes
775 3607 780 3620 .
805 3581 862 3642 ego
885 3581 954 3623 sum
985 3564 1045 3645 xps
1073 3567 1105 3624 et
1131 3559 1246 3625 multos
1275 3558 1435 3623 seducent.

312 3653 328 3705 6
361 3639 522 3726 incipietis
556 3646 637 3705 eninr
672 3643 782 3708 audire
808 3644 891 3709 bella
920 3650 952 3709 et
984 3644 1110 3709 auditus
1142 3644 1297 3708 bellorum
1330 3643 1438 3708 uidete
1467 3673 1472 3682 ·

312 3725 410 3791 nolite
442 3727 621 3792 conturbari
654 3736 775 3814 oportet
807 3729 891 3793 enirn
926 3729 995 3794 fieri
1027 3730 1081 3794 sed
1108 3729 1247 3793 nondum
1270 3734 1318 3793 est
1346 3731 1434 3793 fines.

312 3823 328 3876 7
350 3812 495 3896 Exurget
516 3820 623 3895 autem
647 3836 723 3898 gens
745 3837 840 3898 super
861 3821 987 3899 gentem
1002 3820 1034 3880 et
1048 3837 1180 3897 regnum
1195 3837 1290 3900 super
1304 3836 1436 3898 ragnum

312 3903 344 3962 et
366 3909 459 3963 erunt
480 3895 580 3963 fames
602 3905 634 3963 et
649 3914 730 3964 terre
745 3906 848 3972 motus
868 3923 925 3985 per
939 3900 1064 3987 singula
1078 3901 1155 3964 loca.
1201 3911 1215 3963 7
1239 3901 1315 3964 haee
1330 3909 1436 3963 autem

312 3981 419 4047 omnia
440 3982 533 4048 initia
555 3983 706 4048 dolorum.
732 3997 768 4049 ,9
791 3985 882 4050 Tunc
910 3994 1015 4050 autern
1043 3987 1168 4050 tradent
1194 4007 1250 4049 uos
1279 3983 1314 4049 in
1335 4007 1438 4070 praes-

312 4068 394 4132 suris
416 4073 448 4132 et
471 4069 700 4135 conuentioulis
723 4078 755 4135 et
777 4071 810 4132 in
834 4071 1040 4154 potestatibus
1063 4079 1095 4136 et
1116 4077 1190 4136 ante
1209 4069 1292 4154 regis
1313 4070 1436 4135 stabitis

313 4160 345 4218 et
366 4153 557 4218 interficient
572 4177 628 4219 uos
650 4205 657 4220 .
682 4159 714 4219 et
729 4153 817 4220 eritis
832 4155 956 4221 odibilis
975 4156 1120 4221 omnibus
1142 4155 1289 4239 gentibus
1310 4161 1439 4241 propter

313 4261 429 4304 nornen
445 4261 551 4303 meum
585 4251 619 4305 10
641 4248 672 4307 et
686 4246 762 4305 tunc
777 4241 1072 4307 scandalizabuntur
1087 4252 1119 4307 et
1134 4241 1271 4307 inuicem
1286 4241 1412 4306 tradent
1428 4290 1435 4302 .

314 4330 346 4388 et
367 4324 475 4389 odient
496 4324 643 4394 inuicem,
689 4337 722 4389 11
752 4331 784 4391 et
812 4327 906 4390 multi
933 4327 1192 4413 pseudoprofetae
1221 4333 1376 4410 exurgent
1403 4333 1437 4390 et

314 4409 463 4474 seducent
485 4411 610 4476 multos.
656 4422 688 4477 12
712 4435 751 4476 ex
774 4434 810 4476 eo
833 4411 916 4496 quod
939 4411 1092 4497 iniquitas
1114 4410 1289 4481 abundauit
1310 4409 1436 4495 refrige-

314 4501 380 4560 scet
402 4495 512 4562 caritas
535 4497 704 4562 multorum
750 4508 782 4561 13
805 4497 860 4582 qui
882 4504 988 4565 autem
1010 4495 1261 4584 perseuerauerit
1282 4496 1438 4580 usquead
