3667 5284
291 488 320 545 C.
340 491 380 542 18.
401 491 440 542 19.
694 481 696 484 ’
821 489 887 541 Luc.
1375 485 1417 551 79

290 675 389 742 uitam
415 682 575 740 aeternam
597 697 776 760 consequar.
821 687 853 740 19
876 674 972 739 Dixit
994 685 1099 739 autem
1122 674 1171 738 illi
1192 673 1244 738 ihr
1267 673 1343 758 quid
1365 697 1416 739 me

292 759 377 827 dices
399 763 516 826 bonum
540 782 632 825 nemo
656 771 703 825 est
724 761 824 825 bonus
852 760 913 824 nisi
943 782 1025 824 unus
1058 759 1094 823 11
1131 771 1166 824 20
1201 773 1307 824 manta
1333 757 1415 825 nosti
1491 800 1494 805 -

293 847 338 912 ait
353 844 400 911 1111
417 869 506 930 quae.
541 844 632 913 Dicit
645 845 692 910 1111
707 867 747 910 ne
763 844 952 910 adulterium
969 839 1132 913 admiseris
1147 867 1187 910 ne
1203 845 1323 909 furtum
1338 843 1414 910 fece-

292 931 335 998 ris
359 982 364 995 .
388 955 429 996 ne
452 931 566 996 falsum
595 931 810 996 testimonium
837 930 956 996 dixeris
986 929 1157 995 honorifica
1179 937 1300 1015 patrem
1324 943 1413 994 tuum

293 1023 324 1084 et
345 1024 488 1081 matrem.
533 1028 566 1080 21
594 1017 655 1080 1110
684 1022 790 1081 autem
819 1014 901 1080 dixit
930 1012 1036 1080 omnia
1058 1013 1118 1080 ista
1140 1016 1306 1081 obseruaui
1330 1037 1348 1078 a
1370 1013 1416 1079 iu-

293 1111 425 1168 uentute
455 1125 532 1165 mea.
577 1113 611 1165 22
638 1100 719 1166 Oum
749 1101 889 1166 audisset
919 1109 1025 1165 autem
1053 1100 1156 1164 iuram
1186 1101 1238 1164 ihs
1265 1100 1347 1164 dixit
1368 1097 1416 1164 illi

176 1231 178 1236 -
293 1189 395 1253 adhuc
419 1211 515 1251 unum
531 1182 588 1252 tibi
605 1188 692 1252 deest
707 1187 812 1250 omnia
829 1209 909 1271 quae
925 1187 1022 1251 habes
1036 1187 1138 1250 uende
1155 1192 1187 1250 et
1206 1187 1246 1250 da
1261 1185 1369 1270 egenis
1384 1197 1416 1250 at

293 1273 421 1338 habebis
437 1273 639 1337 thensaurum
656 1273 688 1335 in
706 1272 800 1337 caelis
815 1279 847 1336 01
862 1271 938 1336 ueni
952 1293 1083 1356 sequere
1098 1294 1157 1337 me.
1185 1282 1219 1335 23
1234 1271 1295 1335 1110
1310 1278 1416 1336 autem

294 1383 363 1424 cum
387 1358 525 1423 audisset
548 1357 734 1423 contritatus
757 1363 804 1422 001
828 1410 834 1421 .
858 1356 920 1421 fuit
935 1357 1019 1421 enirn
1041 1358 1130 1422 diues
1145 1354 1248 1421 nimis.
1283 1355 1415 1421 24011111

293 1444 424 1508 uidisset
445 1451 551 1508 autem
574 1443 665 1508 illum
689 1442 907 1507 contristatum
931 1442 1013 1506 dixit
1034 1440 1078 1506 111ἱ
1100 1442 1152 1506 ihs
1176 1464 1290 1527 quomo
1306 1441 1415 1507 diffici-

291 1530 364 1594 liter
375 1529 430 1614 qui
442 1529 648 1594 substantiam
667 1529 783 1593 habent
796 1527 827 1591 in
842 1551 975 1611 regnum
991 1527 1023 1590 di
1038 1527 1223 1593 introibunt.
1245 1527 1416 1592 2510011110

291 1620 338 1680 est
361 1615 445 1679 enim
469 1615 634 1679 camellum
657 1636 713 1698 per
735 1636 901 1677 cauernam
925 1635 998 1678 acus
1020 1611 1150 1678 introire
1173 1636 1265 1697 quam
1283 1613 1415 1682 diuitem

290 1700 324 1764 in
351 1720 484 1783 regnum
514 1699 574 1764 dei.
619 1710 652 1762 26
683 1696 843 1762 Dixerunt
874 1709 979 1762 autem
1010 1698 1064 1782 qui
1098 1699 1268 1763 audiebant
1289 1709 1322 1762 et
1344 1699 1415 1782 quis

291 1791 394 1866 potest
423 1782 547 1848 saluari.
592 1795 625 1847 27
654 1783 714 1848 1110
745 1789 851 1847 autem
880 1783 962 1847 dixit
996 1807 1075 1868 quae
1109 1783 1304 1869 inpossibilia
1341 1795 1416 1849 sunt

291 1871 375 1956 apud
409 1869 551 1934 homines
583 1869 743 1954 possibilia
776 1870 858 1954 apud
892 1869 944 1932 dm
978 1880 1060 1934 sunt.
1115 1881 1150 1934 23
1182 1869 1276 1933 Dixit
1309 1879 1415 1934 autem

291 1964 399 2041 petrus
422 1975 493 2019 ecce
515 1977 571 2019 nos
593 1955 771 2019 remisimus
794 1956 899 2018 omnia
921 1961 1027 2018 nostra
1050 1964 1081 2019 01
1108 1951 1208 2019 secuti
1237 1977 1345 2019 sumus
1373 1963 1413 2020 te.

292 2040 515 2105 2911100111οω
534 2039 615 2104 dixit
630 2039 694 2104 illis
708 2063 799 2116 amen
816 2039 885 2103 dico
903 2039 994 2104 uobis
1012 2063 1104 2105 nemo
1121 2049 1168 2104 est
1189 2041 1243 2124 qui
1256 2040 1415 2124 relinquet

293 2126 420 2190 domum
443 2136 498 2189 aut
520 2130 665 2210 parentes
687 2131 742 2189 aut
763 2123 874 2190 fratres
892 2174 898 2186 .
915 2133 970 2189 aut
993 2148 1090 2190 uxore
1113 2131 1168 2190 aut
1189 2125 1270 2190 filios
1289 2131 1416 2211 propter

292 2232 424 2294 regnum
440 2210 473 2273 dr
505 2222 539 2274 30
553 2210 613 2274 nisi
639 2219 673 2275 ut
695 2209 827 2296 recipias
850 2209 965 2296 septies
987 2216 1111 2275 tantum
1135 2211 1168 2275 in
1190 2211 1250 2275 isto
1273 2219 1415 2296 tempore

292 2295 373 2361 etin
393 2296 516 2360 saeculo
538 2294 645 2359 futuro
667 2295 764 2360 uitam
789 2301 997 2380 consequetur
1019 2305 1187 2361 aeternam.
1222 2307 1255 2360 31
1271 2294 1416 2377 Sumpsit

291 2376 584 2446 autem-duodecim
609 2387 640 2445 et
662 2380 743 2445 dixit
758 2382 797 2445 ad
819 2380 889 2445 illos
912 2405 984 2446 ecce
1006 2383 1203 2446 ascendimus
1225 2381 1414 2446 hierusalem

292 2473 324 2531 et
352 2466 652 2531 consummabuntur
674 2465 780 2531 omnia
803 2489 882 2550 quae
906 2465 1021 2552 scripta
1043 2473 1117 2532 sunt
1139 2491 1194 2552 per
1216 2465 1353 2552 profetas
1376 2467 1416 2532 de

289 2549 355 2617 filio
391 2551 527 2616 hominis
571 2563 605 2615 32
641 2553 715 2636 quia
744 2552 884 2616 tradetur
912 2551 1112 2618 nationiobus
1144 2563 1175 2618 01
1201 2552 1361 2618 deridetur
1383 2559 1415 2618 01
1452 2625 1454 2629 ,

290 2636 391 2723 sputis
413 2638 516 2720 agitur
559 2647 594 2701 34
616 2648 648 2701 et
670 2637 872 2721 flagellabunt
895 2645 927 2702 et
948 2637 1090 2702 occident
1113 2646 1145 2703 et
1166 2637 1335 2723 deteriores
1367 2661 1414 2703 ur-

291 2732 397 2802 guent.
435 2733 469 2786 34
491 2722 547 2786 1111
568 2731 675 2786 autem
698 2722 778 2786 nihil
802 2724 913 2788 horum
936 2721 1162 2789 intellexerunt
1184 2724 1237 2788 sed
1260 2723 1413 2789 111101-

291 2809 365 2872 burn
389 2807 573 2871 absconsum
597 2809 635 2871 ab
658 2807 734 2893 ipsis
757 2815 789 2871 01
811 2832 874 2872 non
896 2809 1125 2891 cognoscebant
1147 2832 1228 2874 eum.
1273 2820 1307 2873 35
1337 2809 1415 2875 Fac-

292 2897 359 2956 tum
392 2899 438 2956 est
466 2900 571 2957 autem
602 2917 673 2957 cum
701 2895 965 2990 adpropinquaret
993 2893 1109 2958 iericho
1141 2918 1252 2960 caecus
1286 2895 1412 2980 quidam

292 2977 453 3042 mendicus
476 2979 604 3043 sedebat
626 2979 707 3043 circa
729 3003 816 3043 uram
860 2991 893 3043 36
923 3002 994 3043 cum
1018 2979 1156 3044 audisset
1178 2988 1284 3044 autern
1307 2982 1414 3044 turbas
1487 3034 1490 3042 .

292 3067 488 3128 transeuntes
517 3063 725 3147 interrogauit
753 3064 828 3148 quid
858 3072 941 3128 esset
962 3064 1041 3128 illud
1084 3077 1117 3129 31
1150 3065 1414 3130 renuntiauerunt
1487 3086 1490 3092 ·

292 3145 340 3210 1111
362 3148 437 3231 quia
465 3149 517 3211 ihs
551 3169 724 3215 nazorenus
758 3150 878 3214 transit.
924 3162 958 3214 38
991 3151 1051 3213 1110
1085 3159 1190 3215 autem
1225 3150 1414 3215 exclamauit

292 3231 398 3297 dicens
419 3232 486 3296 ihm
501 3233 545 3298 fili
562 3234 657 3299 dauid
672 3233 820 3300 miserere
836 3235 898 3300 mei
934 3247 967 3299 39
984 3233 1038 3319 qui
1060 3236 1286 3321 praecedebant
1308 3244 1413 3300 autem

292 3315 501 3403 corripiebant
529 3327 565 3383 ut
594 3326 740 3385 taceret.
770 3320 823 3384 ille
856 3328 963 3386 autem
996 3319 1095 3385 multo
1128 3322 1228 3398 magis
1260 3322 1415 3386 clamabat

291 3402 439 3467 miserere
462 3404 525 3467 mei
546 3405 591 3467 fili
615 3405 720 3470 dauid.
764 3416 799 3470 40
827 3405 925 3471 Stetit
951 3417 1056 3470 autem
1085 3405 1136 3469 ihs
1163 3412 1194 3470 et
1223 3406 1314 3471 iussit
1341 3431 1414 3471 eum

273 3488 403 3572 adduci
428 3539 433 3551 .
459 3497 490 3554 et
520 3513 592 3553 cum
619 3491 798 3557 accessisset
827 3491 1035 3572 interrogauit
1061 3492 1151 3555 11111111
1177 3491 1254 3576 quid
1276 3491 1334 3556 tibi
1364 3491 1414 3556 uis

246 3579 248 3586 '
290 3571 412 3638 faciam.
459 3573 1053 3642 111001101111111111011111110οι11.
1098 3588 1132 3640 41
1158 3578 1202 3640 Et
1224 3577 1435 3663 respondens¹

290 3658 342 3723 ihs
364 3659 439 3723 uide
461 3660 538 3723 fides
561 3661 646 3724 enim
668 3668 723 3726 tua
744 3661 880 3727 salbauit
901 3669 942 3726 te.
986 3673 1020 3725 43
1050 3672 1081 3728 01
1108 3662 1256 3727 continuo
1279 3662 1360 3727 uidit
1383 3672 1414 3727 01

290 3746 479 3828 sequebatur
501 3744 591 3809 illum
614 3747 786 3812 clarificans
808 3748 860 3811 dm
885 3800 889 3810 .
916 3758 948 3812 et
970 3771 1078 3812 omnes
1106 3748 1240 3833 populus
1269 3771 1339 3811 cum
1370 3747 1414 3811 111-

290 3827 387 3894 disset
410 3837 442 3894 et
464 3830 550 3895 dedit
572 3832 697 3896 laudem
720 3834 760 3897 do
1375 3859 1377 3861 ·

375 3915 473 3980 XIX.
520 3922 590 3981 ret
612 3941 683 3981 cum
700 3917 845 3983 introiret
883 3917 1088 3982 ertransiebat
1102 3917 1220 3982 iericho
1253 3928 1325 3982 201
1341 3941 1413 3983 0000

289 3999 340 4065 uir
362 4001 417 4084 qui
440 4002 611 4067 uocabatur
632 4003 760 4068 nomine
781 3941 934 4068 accedeus
956 4002 1009 4068 hic
1030 4001 1091 4066 fuit
1112 4003 1257 4089 princeps
1278 4005 1413 4088 publica-

290 4107 402 4150 norum
431 4086 520 4152 diues
563 4099 580 4152 3
609 4094 642 4153 et
671 4091 839 4173 quaerebat
867 4089 976 4153 uidere
1005 4089 1071 4152 ihm
1100 4087 1171 4173 quis
1193 4094 1275 4154 esset
1297 4096 1328 4153 ct
1350 4113 1413 4154 non

290 4177 412 4254 poterat
440 4195 496 4257 per
524 4174 631 4238 turbas
661 4175 736 4257 quia
764 4182 884 4238 statura
912 4174 1062 4259 pussillus
1091 4171 1152 4238 fuit
1194 4184 1212 4236 4
1244 4178 1413 4260 praecessit

291 4262 396 4320 autem
422 4257 455 4321 in
484 4257 587 4342 priore
619 4265 651 4322 et
673 4260 814 4324 ascendit
835 4261 867 4323 in
891 4260 1000 4323 arbore
1023 4267 1059 4323 ut
1081 4257 1204 4323 uideret
1226 4259 1316 4323 illurn
1339 4259 1413 4344 quia

291 4332 356 4406 11110
377 4342 566 4408 transiturus
589 4347 664 4408 erat.
710 4355 726 4408 5
749 4345 792 4408 ut
814 4344 931 4409 factum
954 4354 1001 4408 est
1023 4368 1093 4410 cunr
1116 4345 1264 4410 transiret
1291 4345 1342 4408 ihs
1365 4368 1411 4409 re-

291 4426 394 4510 spexit
416 4437 448 4492 01
469 4426 552 4493 uidit
580 4427 670 4492 illum
699 4435 730 4494 et
759 4429 841 4494 dixit
870 4429 916 4492 illi
946 4428 1062 4495 festina
1089 4431 1202 4495 zacche
1225 4431 1412 4495 descendere

290 4511 364 4594 quia
386 4518 509 4598 oportet
531 4513 624 4578 hodie
647 4537 698 4579 me
719 4513 753 4578 in
776 4516 867 4580 domo
890 4522 946 4581 tua
988 4528 1005 4579 6
1028 4522 1059 4580 01
1080 4515 1233 4580 festinans
1253 4515 1413 4580 descendit
