3667 5284
304 458 340 512 0.
360 461 401 512 24.
420 461 462 513 28.
823 456 925 513 Matth.
1395 460 1435 524 17

305 655 415 713 autem
443 644 554 711 scitote
582 643 731 730 qnoniam
758 645 783 710 si
814 645 908 710 sciret
936 644 1163 731 paterfamilias
1191 667 1254 730 qua
1282 646 1360 710 hora
1382 645 1436 710 fur

309 732 433 797 ueniret
459 730 606 815 uigilaret
628 731 738 815 441444
761 735 792 794 44
819 753 883 794 444
905 731 1105 816 permitteret
1127 729 1277 817 perfodiri
1301 729 1431 795 domum

305 839 407 882 snam.
451 826 487 880 44
508 818 679 904 Propterea
702 824 734 881 et
755 839 811 880 uos
833 821 932 880 estote
955 816 1057 901 parati
1079 816 1154 902 4414
1176 839 1238 902 444
1264 817 1343 880 hora
1371 839 1433 882 non

308 903 427 988 putatis
448 901 531 966 filius
553 901 690 965 hominis
712 901 811 966 44414.
855 910 890 965 45
913 899 994 984 Quis
1018 908 1067 967 est
1093 925 1166 986 ergo
1193 901 1295 966 fidelis
1323 924 1434 966 seruus
1520 981 1522 984 y

309 997 341 1053 et
362 987 497 1084 prudens
519 1008 615 1071 quom
638 985 801 1051 constituit
822 984 882 1050 (144
905 1009 999 1071 super
1021 1009 1128 1051 curam
1151 1010 1278 1052 suorum
1293 993 1330 1051 44
1344 987 1436 1052 daret

305 1095 409 1138 seruis
431 1073 496 1138 suis
522 1071 639 1137 cibaria
667 1071 700 1135 in
728 1077 870 1157 tempore
913 1081 948 1136 46
973 1073 1084 1136 beatus
1112 1072 1168 1137 ille
1196 1095 1306 1149 seruus
1338 1094 1433 1156 quem

279 1163 283 1169 '
308 1157 468 1223 inuenerit
489 1157 549 1222 (144
572 1156 640 1222 4144
662 1155 707 1221 ita
729 1155 905 1222 facientem.
951 1166 985 1221 47
1008 1158 1115 1222 Amen
1138 1157 1208 1223 dico
1230 1157 1321 1222 uobis
1337 1181 1435 1242 quon-

306 1244 372 1308 iam
398 1266 491 1329 super
519 1242 626 1307 omnia
654 1265 711 1306 444
737 1247 928 1327 superponet
958 1265 1032 1307 eum
1074 1253 1110 1306 48
1135 1243 1163 1306 si
1185 1250 1294 1308 autem
1317 1243 1434 1308 dixerit

308 1329 408 1392 malus
431 1351 541 1392 seruus
563 1327 674 1392 111414
697 1327 788 1392 corde
811 1350 867 1392 suo
891 1326 994 1392 tardat
1016 1329 1076 1393 dud
1093 1351 1183 1392 meus
1197 1327 1317 1393 uenire.
1351 1339 1386 1394 49
1402 1334 1434 1394 et

305 1413 439 1510 incipiet
462 1413 590 1478 caedere
612 1435 779 1478 conserues
802 1435 873 1477 suos
897 1413 1066 1478 manducet
1088 1420 1194 1478 autem
1214 1419 1246 1478 44
1260 1412 1347 1480 bibat
1361 1437 1434 1479 oum

305 1522 362 1563 ine
384 1536 425 1544 —
449 1536 490 1544 —
513 1535 555 1544 —

392 1584 565 1652 XXVIII.
590 1621 631 1628 —
653 1619 694 1630 -
716 1594 734 1646 2
756 1591 787 1648 44
809 1582 937 1648 sedebat
952 1606 1047 1669 supra
1089 1595 1107 1648 3
1129 1590 1196 1649 erat
1211 1590 1317 1648 autem
1333 1587 1433 1668 figura

304 1669 376 1734 eius
399 1671 489 1733 uelut
511 1669 685 1736 coruscatio
709 1675 741 1734 44
762 1668 897 1734 44441444
919 1668 991 1733 4144
1012 1669 1100 1732 albus
1116 1678 1151 1734 44
1173 1669 1230 1733 nix
1272 1680 1290 1732 4
1312 1677 1433 1735 ametu

305 1761 412 1820 autem
443 1754 511 1819 eius
540 1754 655 1819 comoti
682 1759 755 1818 sunt
777 1754 831 1839 qui
856 1753 1073 1818 custodiebant
1094 1762 1127 1819 et
1149 1754 1223 1820 facti
1243 1761 1317 1820 sunt
1344 1756 1434 1820 uelut

308 1839 432 1905 mortni.
496 1851 512 1904 5
541 1838 718 1925 Respondit
741 1848 846 1904 autem
877 1843 908 1904 44
941 1839 1024 1904 dixit
1050 1839 1089 1904 ad
1117 1840 1266 1905 mulieres
1297 1890 1303 1902 .
1333 1840 1432 1906 nolite

307 1925 420 1990 timere
451 1948 507 1990 uos
541 1925 604 1990 scio
637 1923 720 1989 enim
756 1923 903 2008 quoniam
936 1924 1001 1988 ihm
1041 1925 1226 1990 crucifixum
1264 1926 1430 2009 quaeritas.

303 2023 408 2075 6444
433 2019 479 2075 444
508 2010 560 2076 hic
583 2059 590 2072 .
613 2009 752 2074 surrexit
781 2009 867 2074 enim
896 2009 978 2074 sicut
1004 2010 1085 2074 dixit
1120 2011 1227 2076 uenite
1260 2019 1293 2075 et
1325 2011 1432 2076 uidete

307 2097 411 2161 locum
439 2095 494 2161 ubi
524 2097 653 2160 iacebat.
700 2107 715 2159 7
743 2103 775 2160 44
804 2094 866 2159 4144
898 2103 1011 2161 444444
1040 2095 1135 2161 dicite
1169 2092 1331 2180 discipulis
1364 2096 1432 2161 eius

304 2186 455 2265 quoniam
485 2180 650 2246 surrexit.
676 2188 708 2244 44
736 2203 809 2245 4444
836 2181 996 2264 praecidet
1024 2203 1081 2245 uos
1109 2181 1142 2244 in
1172 2181 1339 2265 galilaeam
1366 2181 1433 2262 illic

308 2290 381 2332 eum
401 2265 552 2331 uidebitis
574 2289 648 2332 ecce
671 2265 738 2329 dixi
761 2265 860 2330 uobis.
904 2277 922 2330 8
942 2267 987 2331 Et
1014 2289 1085 2331 cum
1116 2266 1255 2332 abissent
1283 2267 1433 2332 uelociter

304 2353 346 2416 (14
368 2359 572 2418 monumento
594 2375 666 2417 oum
689 2357 776 2416 metu
798 2359 831 2416 et
852 2351 967 2436 gaudio
990 2374 1103 2435 magno
1126 2362 1333 2417 cucurrerunt
1354 2376 1432 2417 nun·

307 2439 386 2502 liare
415 2437 587 2524 discipulis.
632 2449 649 2501 9
679 2445 710 2500 44
740 2459 811 2502 4444
838 2435 889 2500 ihs
917 2436 1053 2502 occurrit
1084 2437 1144 2502 illis
1174 2437 1279 2502 dicens
1308 2439 1431 2503 habete.

306 2524 385 2588 Illae
407 2533 513 2588 autem
541 2527 738 2588 accesserunt
767 2528 799 2587 et
823 2528 999 2587 vtenuerunt
1026 2523 1122 2606 pedes
1155 2522 1225 2587 eius
1259 2531 1291 2587 44
1324 2522 1433 2588 adora·

306 2618 423 2673 uerunt
445 2632 526 2673 eum.
573 2620 607 2672 10
629 2607 720 2672 Tunc
747 2607 824 2672 dicit
850 2606 913 2672 illis
943 2607 1042 2672 nolite
1071 2608 1183 2672 timere
1212 2608 1257 2673 144
1287 2607 1432 2674 44441444

306 2692 456 2758 iratribus
472 2693 549 2758 meis
565 2701 601 2758 ut
616 2701 690 2758 eant
706 2692 742 2756 in
757 2692 925 2777 galilaeam
946 2693 1012 2757 illic
1032 2716 1082 2757 me
1105 2691 1263 2758 uidebitis.
1299 2705 1332 2756 11
1349 2694 1431 2758 Oum

307 2779 381 2842 illae
402 2779 618 2844 discessissent
640 2777 768 2863 quidam
790 2778 829 2842 de
852 2777 1032 2843 custodibus
1047 2781 1205 2844 uenerunt
1219 2779 1253 2842 in
1270 2778 1432 2845 ciuitatem

306 2869 340 2926 et
368 2863 596 2929 nuntiauerant
626 2863 839 2928 sacerdotibus
868 2863 973 2928 omnia
1003 2887 1084 2949 quae
1112 2863 1196 2928 facta
1226 2875 1300 2928 4444
1344 2875 1377 2928 12
1400 2874 1432 2930 44

306 2946 432 3012 collecti
465 2972 535 3012 cum
569 2949 743 3013 senioribus
776 2948 956 3014 concilium
990 2960 1178 3034 acceperunt
1211 2957 1243 3013 44
1264 2950 1431 3034 pecuniam

309 3032 440 3095 multam
463 3034 617 3098 dederunt
637 3033 792 3099 militibus
830 3039 869 3098 '13
892 3035 1033 3100 dicentes
1055 3034 1151 3100 dicite
1171 3034 1319 3120 quoniam
1343 3035 1432 3100 disci-

307 3116 376 3200 puli
398 3117 467 3180 eius
488 3124 580 3183 nocte
601 3126 757 3183 uenerunt
779 3125 811 3184 et
832 3119 928 3185 furati
950 3125 1024 3184 sunt
1046 3143 1118 3184 eum
1141 3120 1230 3185 nobis
1252 3119 1431 3184 dormienti·

308 3201 366 3266 bus
410 3211 443 3264 14
464 3209 496 3266 44
522 3201 550 3267 41
579 3202 722 3267 auditum
750 3203 846 3268 luerit
875 3229 893 3268 4
919 3205 1018 3291 pilato
1046 3228 1103 3270 nos
1126 3205 1293 3269 suademus
1322 3210 1354 3269 et
1375 3228 1432 3271 uos

306 3309 432 3352 securos
454 3286 614 3352 faciemus.
659 3299 693 3352 15
715 3288 763 3352 illi
778 3297 883 3352 autem
899 3298 1028 3375 accepta
1042 3290 1176 3376 pecunia
1192 3289 1335 3355 fecerunt
1349 3289 1432 3355 41444

305 3371 391 3436 (14441
421 3378 495 3436 4444
521 3380 553 3438 44
578 3372 758 3437 diffamatus
787 3383 835 3438 est
863 3397 965 3439 sermo
993 3376 1052 3441 iste
1075 3377 1157 3460 apud
1180 3375 1309 3440 iudaeos
1331 3398 1432 3460 44444
1540 3403 1542 3407 ’

305 3457 341 3520 14
363 3457 559 3522 hodiernum.
605 3468 638 3522 16
661 3457 817 3524 Undeoirn
840 3467 946 3523 autem
970 3460 1115 3546 discipuli
1139 3461 1285 3526 abierunt
1308 3459 1342 3524 14
1356 3461 1433 3546 gali-

306 3543 409 3606 laeam
430 3543 464 3606 in
486 3548 626 3608 montom
648 3567 710 3629 quo
733 3542 897 3608 constituit
920 3545 1041 3608 4141114.
1087 3558 1119 3610 17
1142 3552 1260 3610 etcum
1276 3545 1433 3612 uidissent

303 3650 379 3692 eum
402 3628 612 3693 adorauerunt
627 3652 699 3693 eum
715 3629 770 3692 4111
785 3637 892 3694 autem
906 3628 1141 3694 dubitauerunt.
1187 3643 1220 3695 18
1242 3633 1286 3697 Et
1300 3632 1433 3698 accessit

306 3712 357 3776 ihs
381 3720 413 3777 et
435 3713 557 3778 locutus
581 3715 689 3780 estad
712 3737 765 3778 eos
788 3715 894 3778 dicens
917 3715 1059 3780 dataest
1074 3715 1153 3779 mihi
1168 3718 1269 3781 omnis
1292 3725 1431 3802 potestas

305 3797 448 3864 incaelo
471 3799 557 3863 4414
580 3813 662 3864 terra
706 3799 805 3864 reite
828 3823 900 3884 ergo
923 3800 1031 3866 docete
1053 3823 1162 3865 omnes
1187 3812 1301 3886 gentes
1332 3803 1433 3888 bapti·

304 3891 414 3948 zantes
436 3907 488 3948 eos
511 3884 544 3948 in
566 3886 695 3948 nomine
716 3884 814 3970 patris
830 3892 862 3950 et
883 3884 929 3948 fili
952 3899 984 3950 44
1005 3891 1058 3972 444
1080 3885 1181 3950 444441
1222 3898 1257 3951 20
1281 3889 1432 3953 (14444444

306 3991 359 4032 444
381 3970 544 4034 obserbare
567 3970 673 4034 omnia
695 3992 912 4054 quaecumque
934 3971 1080 4055 praecepi
1103 3971 1192 4036 uobis
1221 3982 1254 4036 et
1277 3993 1353 4038 ecce
1375 3995 1432 4058 ego

305 4053 467 4202 44144444(
501 4078 571 4120 sum
604 4055 749 4120 omnibus
783 4054 893 4120 diebus
926 4079 1026 4140 usque
1060 4056 1099 4120 ad
1129 4058 1431 4124 consummationem

306 4161 398 4216 saecu
412 4164 433 4204 r.

297 4309 508 4384 Secundum
521 4315 716 4385 mattheum
730 4315 874 4404 explicit
887 4310 1011 4404 incipit
1024 4318 1215 4387 secundum
1235 4311 1430 4386 iohannem.

407 4583 424 4633 2
442 4610 475 4618 —-
493 4581 544 4635 Er.
563 4582 645 4649 palat.
