3667 5284
388 444 432 507 42
894 443 946 496 Ev.
965 458 1014 495 220.
1368 446 1396 498 C.
1416 444 1457 497 15.
1477 446 1517 497 16.

391 630 549 716 quianon
573 638 732 696 nonerunt
755 654 828 696 eum
856 631 910 714 qui
942 655 992 695 mc
1022 631 1108 696 misit
1150 643 1185 694 22
1211 631 1273 695 2121
1301 630 1458 695 uenissem
1486 636 1519 695 22

390 718 474 781 100222
463 724 512 781 222
536 739 636 780 essem
658 717 722 780 illis
745 722 852 802 peccat
855 740 908 780 um
931 739 994 781 202
1017 717 1169 782 haberent
1156 724 1268 780 22220
1283 715 1515 792 excusationem

390 803 428 867 de
452 809 577 899 peccato
601 825 662 866 non
686 802 803 866 habent
790 807 879 900 223
903 802 958 885 qni
980 825 1031 866 me
1053 802 1174 866 0211222
1142 810 1313 886 ettparem
1329 802 1519 865 2222220112

389 897 424 950 24
446 889 471 952 21
496 910 590 973 opera
612 910 675 952 202
699 886 792 952 1201
783 910 816 950 22
831 887 918 1036 tipsis
940 910 1020 984 quae
1043 909 1136 951 nemo
1159 887 1240 950 alins
1255 886 1332 951 fecit
1319 894 1462 972 2220022
1464 910 1518 950 um

306 1046 307 1049 Ἴ
389 995 452 1037 202
475 972 656 1037 haberent.
680 995 765 1036 nunc
788 979 949 1036 22222222
937 971 1120 1037 2212102222
1144 979 1241 1036 22222
1228 973 1390 1068 202122222
1377 980 1463 1036 2222
1486 981 1518 1036 22

388 1066 510 1155 patrem
532 1081 647 1122 meum.
692 1068 726 1122 25
753 1057 875 1124 Sedtut
893 1055 1064 1143 impleam
1080 1081 1182 1122 sermo
1199 1080 1254 1141 qui
1273 1081 1307 1120 m
1323 1057 1393 1140 lege
1409 1080 1516 1121 eornm

389 1153 525 1229 scriptus
552 1151 599 1208 222
621 1143 695 1228 quia
722 1143 856 1208 02122222
844 1151 936 1211 2222
958 1145 1065 1225 gratis.
1110 1154 1143 1207 26
1167 1141 1250 1207 Oum
1273 1142 1398 1238 2222212
1384 1143 1517 1207 2-221220

389 1237 478 1294 catus
505 1251 598 1313 quem
627 1251 683 1311 ego
716 1228 838 1294 2212222
870 1227 961 1293 uobis
984 1252 1003 1292 2
1024 1236 1078 1314 pa
1080 1252 1113 1293 22
1141 1233 1195 1314 222
1224 1228 1397 1293 ueritatis.
1422 1228 1518 1324 qnia

389 1322 484 1411 patre
506 1313 653 1399 prodiit
644 1337 712 1413 ipse
743 1315 832 1378 222222
862 1313 1075 1378 2212221οι22
1124 1325 1158 1378 27
1190 1319 1299 1378 22202
1325 1313 1416 1378 222212
1443 1312 1517 1379 22222

389 1398 537 1484 queniam
561 1399 630 1463 ab
622 1400 714 1464 221210
737 1421 860 1481 mecum
885 1399 970 1464 22222.

474 1485 571 1550 XVI.
624 1496 639 1547 1
674 1485 764 1550 Haec
797 1485 882 1549 1002
870 1493 920 1549 us
953 1498 1019 1548 ⁸um
1056 1485 1146 1550 uobis
1183 1508 1223 1549 ne
1262 1481 1516 1580 scandalizemini

387 1581 405 1632 2
428 1570 618 1654 expuleiunl
640 1594 695 1634 202
718 1595 736 1634 2
759 1593 933 1654 synagogas
955 1571 1010 1634 2221
1033 1570 1142 1635 ueniet
1130 1572 1242 1635 thora
1265 1582 1300 1634 222
1328 1568 1431 1634 omnis
1458 1567 1517 1664 qui

388 1678 445 1720 2202
468 1655 617 1720 0001212212
605 1661 682 1740 tpu
684 1663 730 1726 222
752 1679 785 1721 22
808 1656 963 1720 culturam
987 1656 1027 1720 212
1050 1655 1170 1720 adferre
1213 1668 1230 1720 3
1253 1657 1307 1720 2221
1335 1656 1412 1719 12220
1440 1652 1516 1718 1201-

390 1747 443 1804 222
466 1740 540 1824 quia
562 1763 625 1804 202
649 1748 864 1824 cognouerunt
871 1750 1007 1838 patrem
1032 1763 1135 1824 neque
1158 1765 1209 1806 me
1251 1739 1518 1837 4122221002222

389 1849 459 1889 sum
486 1825 640 1890 20121222
628 1832 741 1891 tcum
769 1825 894 1890 uenerit
882 1827 997 1890 212022
1026 1849 1134 1891 eorum
1162 1849 1316 1891 memcies
1343 1834 1384 1890 21
1385 1848 1412 1888 22
1439 1823 1517 1908 qnid

388 1933 446 1994 ego
469 1904 547 1975 dixi
559 1912 657 1976 nobis.
702 1913 819 1976 212220
842 1916 948 1976 aulem
971 1913 1060 1976 uobis
1083 1912 1206 1977 2122212
1208 1914 1238 1976 20
1260 1935 1322 1996 non
1346 1909 1412 1974 dixi
1443 1909 1518 1994 qnia

390 1995 553 2061 nobiscum
585 2021 670 2062 eram
697 2020 780 2061 2220
807 2006 862 2062 an
864 2021 911 2062 em
940 1998 1021 2061 uado
1051 1998 1089 2062 ad
1118 2022 1189 2063 eum
1220 1998 1277 2084 qni
1305 1995 1465 2094 meminit
1487 2003 1519 2059 22

389 2105 482 2146 nemo
505 2083 544 2145 de
567 2082 727 2148 nebist
679 2107 711 2146 22
714 2089 851 2167 terrogat
878 2105 929 2146 me
951 2106 1013 2167 quo
1035 2082 1126 2148 uadis
1169 2095 1185 2148 6
1208 2081 1434 2168 sedquoniam
1457 2080 1518 2177 ista

388 2167 473 2232 locu
462 2177 512 2232 ns
534 2191 603 2231 snm
627 2168 716 2232 uobis
741 2168 868 2234 tristitia
890 2167 1037 2265 impleuit
1060 2192 1111 2233 002
1134 2177 1274 2234 uestrum
1312 2180 1415 2266 ,7220
1438 2165 1518 2230 ueri·

389 2260 486 2316 2222222
511 2253 581 2317 dico
603 2253 722 2318 uobis.
739 2253 818 2317 utile
841 2253 1053 2351 2222021222
1016 2261 1127 2402 uttego
1147 2277 1240 2318 2222.
1258 2252 1321 2349 2122
1338 2275 1397 2334 220
1412 2251 1518 2316 abiero

389 2337 559 2434 aduncatus
592 2360 656 2402 202
690 2339 797 2403 222222
785 2339 869 2403 tad
892 2361 949 2403 uos
972 2339 999 2404 si
1021 2347 1076 2403 22
1078 2364 1127 2404 222
1151 2340 1257 2404 abiero
1279 2336 1337 2402 2212
1339 2345 1402 2402 tam
1425 2337 1517 2434 illum

387 2429 460 2487 822
482 2422 615 2487 ueniens
638 2422 692 2486 ille
715 2431 825 2508 arguet
813 2424 1009 2488 tsaeculum
1040 2425 1078 2488 de
1106 2430 1243 2520 peccam
1272 2421 1518 2488 2221222221212

389 2509 482 2572 22212
505 2507 630 2572 12211010.
668 2521 691 2604 .9
715 2509 753 2574 212
775 2519 903 2594 peccato
927 2509 1055 2606 quidem
1078 2532 1153 2594 quia
1175 2534 1239 2574 non
1261 2507 1493 2603 02221221222222
1483 2531 1516 2570 22

388 2616 438 2657 me
484 2604 517 2658 10
539 2592 722 2658 2122221212
753 2601 807 2658 22
809 2617 859 2658 222
889 2595 964 2678 quia
994 2595 1034 2659 ad
1064 2605 1186 2692 patrem
1209 2593 1376 2659 2221022
1332 2603 1430 2658 tiam
1453 2615 1515 2656 202

388 2678 520 2743 2222121212Ι
498 2688 538 2742 222
561 2702 621 2742 me.
667 2690 699 2742 11
723 2679 762 2742 212
784 2678 900 2743 12211010
924 2689 979 2744 222
981 2703 1030 2743 222
1048 2680 1122 2764 quia
1136 2680 1281 2776 princeps
1296 2679 1406 2742 mundi
1421 2679 1515 2742 huius

388 2763 507 2828 2221ιο2
496 2775 545 2828 22
575 2773 710 2830 22212
740 2765 857 2830 Adhuc
885 2766 985 2830 multa
1012 2766 1112 2830 habeo
1142 2767 1181 2829 de
1208 2765 1298 2862 uncis
1332 2762 1436 2828 dicere
1462 2763 1516 2827 sed

388 2872 450 2913 202
473 2850 603 2934 20222212
625 2864 749 2934 portare
773 2874 811 2947 22
832 2850 932 2914 220210
979 2862 1012 2914 13
1035 2873 1105 2915 cum
1128 2851 1254 2916 22222112
1241 2850 1330 2914 21112
1352 2855 1406 2934 222
1435 2847 1512 2913 ueri·

294 2949 296 2954 '
385 2933 443 2998 22
435 2957 461 2998 22
420 2935 612 3000 212212022
636 2935 723 3000 uobis
746 2935 847 3000 uerita
849 2941 913 2999 2222
936 2959 1092 2999 omnem.
1117 2959 1180 3000 non
1203 2935 1288 3001 cnim
1310 2936 1412 3018 loqui
1414 2958 1452 2999 ur
1474 2935 1513 2998 ab

387 3043 423 3083 22
445 3021 499 3084 2221
522 3043 602 3103 quac
625 3021 714 3086 audit
702 3020 837 3104 loqui
838 3027 930 3084 ιιι2
917 3021 1060 3085 22212222
1086 3030 1167 3086 2222
1154 3021 1249 3086 212212
1270 3019 1360 3084 uobis
1403 3030 1437 3082 14
1459 3019 1514 3084 1112

386 3129 437 3170 222
460 3104 649 3186 2102202212
671 3107 819 3190 qnoniam
850 3106 888 3170 212
915 3129 986 3169 mco
1015 3107 1180 3191 accepite
1124 3112 1195 3172 222
1223 3105 1383 3170 nuntiauit
1371 3105 1511 3170 ntcbis.

385 3202 419 3254 15
442 3191 559 3256 Omnia
581 3214 663 3276 quae
686 3193 780 3256 habet
767 3199 855 3278 ttpa
857 3215 890 3255 22
913 3215 983 3255 mea
1005 3199 1079 3288 sunt
1101 3203 1192 3278 propt
1180 3193 1308 3256 2120022
1330 3190 1399 3255 dixi
1422 3191 1512 3255 uobis

386 3288 419 3340 16
441 3277 648 3361 pusillumel
617 3301 733 3341 enon
756 3276 906 3342 uidebitis
930 3284 1067 3342 niceti
1070 3285 1173 3342 terum
1195 3276 1401 3376 pusillumet
1390 3276 1511 3342 222212-

385 3362 442 3426 bit
419 3371 460 3426 222
487 3386 546 3427 mc.
599 3373 631 3426 17
666 3362 823 3428 Dicebant
810 3369 929 3446 lcigo
952 3386 992 3426 ex
1011 3361 1182 3459 discipulis
1210 3364 1277 3428 eius
1304 3362 1382 3425 221
1373 3362 1512 3426 inuicem

384 3447 462 3530 quid
485 3453 532 3512 222
519 3449 613 3513 21200
635 3448 718 3532 qnod
742 3447 815 3513 dicit
836 3447 928 3512 nobis
949 3447 1153 3598 pusillurpel
1174 3472 1238 3513 202
1260 3447 1408 3512 uidebitis
1429 3470 1511 3512 me.

385 3539 552 3597 eitileinm
574 3533 1254 3682 222111222222212122222222222021222
1274 3535 1509 3618 coadparem

385 3629 418 3682 18
441 3618 516 3702 quid
540 3625 588 3682 222
609 3618 759 3703 pusillum
782 3642 845 3682 non
867 3619 985 3716 scimus
1007 3620 1083 3704 quid
1104 3620 1254 3703 loquitur
1299 3631 1331 3685 19
1353 3618 1513 3683 intellexit

384 3703 435 3765 2122
468 3727 542 3788 quia
571 3706 740 3801 2201222222
768 3727 841 3768 eum
867 3729 900 3768 22
903 3711 1069 3788 2220222.
1114 3705 1158 3770 Et
1189 3704 1270 3768 dixit
1297 3704 1361 3768 illis
1388 3705 1426 3768 dc
1452 3705 1511 3769 1200

383 3799 507 3884 quaerit
509 3811 541 3853 22
495 3789 634 3852 tad
625 3789 764 3853 inuicem
787 3789 861 3873 quia
884 3789 951 3853 dixi
973 3790 1126 3874 pusillum
1148 3797 1265 3856 22202
1287 3789 1438 3855 uidebitis
1459 3813 1511 3853 222

383 3881 552 3937 2222222212
577 3875 783 4024 pnsillntmel
770 3874 936 3939 2212121212
914 3889 954 3940 22
970 3897 1019 3938 222
1062 3887 1097 3940 20
1119 3898 1211 3940 amen
1227 3875 1404 3940 2222221200
1421 3875 1510 3938 nobis

382 3957 458 4042 quia
484 3958 645 4055 2102221212
673 3960 1192 4058 22212222212202,2220212122
1222 3971 1276 4024 222
1278 3984 1327 4056 221
1361 3959 1511 4044 gaudebit

384 4066 440 4107 202
462 4043 561 4108 2212212
584 4044 671 4109 221212
693 4045 844 4110 2221221221
848 4056 892 4109 ia
907 4055 978 4112 nes
979 4069 1014 4109 22
1027 4069 1061 4108 m
1076 4047 1226 4129 gaudium
1242 4046 1359 4109 ueniet
1393 4056 1427 4108 21
1443 4044 1510 4107 Mn

383 4128 443 4191 1122
465 4152 535 4193 cnm
559 4131 640 4213 paril
666 4130 749 4194 tristi
752 4131 828 4194 21221
856 4132 952 4195 habel
940 4131 1054 4215 lqnia
1079 4131 1188 4195 ueniet
1176 4130 1283 4194 221122
1316 4131 1413 4195 cius.
1437 4151 1509 4194 cum

376 4225 490 4290 222022
513 4227 604 4279 22222
628 4220 674 4280 222
696 4215 831 4280 221222
822 4239 887 4280 iam
909 4239 972 4290 202
995 4215 1143 4280 1221222122
1158 4226 1296 4279 mentem
1312 4238 1508 4299 praessuram

383 4307 475 4384 picp
477 4323 510 4364 er
538 4299 688 4382 gaudium
716 4303 791 4384 qnia
821 4310 912 4366 22222
942 4305 990 4365 222
976 4301 1149 4365 220220
1140 4325 1173 4364 22
1201 4301 1361 4364 saeculum
1410 4311 1444 4362 22
1477 4312 1510 4365 22

383 4407 440 4452 uos
462 4409 545 4449 nnnc
569 4385 695 4470 quidem
718 4386 876 4451 tristitiam
900 4386 1057 4451 habebitis
1081 4436 1087 4448 .
1111 4385 1228 4450 12222222
1256 4392 1363 4449 aulem
1393 4385 1508 4449 uidebo

383 4492 439 4534 uos
455 4479 487 4535 22
500 4471 649 4554 gaudebit
665 4480 872 4536 0022222222
888 4476 920 4536 22
934 4471 1086 4555 gaudium
1105 4477 1248 4535 2222222222
1264 4493 1356 4535 nemo
1371 4469 1510 4535 2212222
