3667 5284
301 431 332 484 0.
351 431 392 482 24.
567 454 571 456 -
832 427 899 481 Luc.
1390 423 1432 488 89

301 627 337 680 14
357 614 579 680 fabulabantur
600 618 707 678 autem
728 613 768 677 ad
789 611 930 677 inuicem
953 611 993 676 de
1020 611 1167 677 omnibus
1196 633 1278 695 quae
1306 611 1433 676 accede-

302 709 383 767 rant.
429 712 462 764 15
483 700 529 765 Ε3
550 698 668 764 factum
696 706 744 763 est
773 698 848 762 dum
876 693 1059 764 fabulantur
1087 704 1120 764 et
1147 697 1370 782 conquirerent
1390 696 1432 760 ad

302 786 441 852 inuicem
463 785 515 850 ihs
542 783 807 870 adpropinquauit
833 797 864 848 et
884 781 1092 858 comitabatur
1106 806 1178 848 cum
1194 781 1267 847 illis.
1300 793 1333 846 16
1348 781 1432 846 oculi

300 877 408 937 autem
442 893 550 936 eorum
584 869 707 954 grauati
735 874 826 933 erant
854 891 896 933 ne
925 892 998 932 eum
1027 874 1258 952 cognoscerent.
1304 878 1337 932 17
1371 867 1432 932 Ille

301 964 410 1022 autem
432 956 514 1020 dixit
536 955 576 1040 ad
597 955 678 1020 illeos
701 955 755 1040 qui
778 962 853 1020 sunt
874 953 922 1018 hii
951 977 1110 1019 sermones
1136 975 1216 1039 quos
1237 951 1369 1018 refertos
1386 952 1433 1017 ad

302 1043 441 1107 inuicem
470 1050 502 1106 et
528 1047 684 1122 steterunt
709 1039 824 1104 tristes.
869 1051 903 1105 18
932 1039 1113 1124 Respondit
1137 1037 1246 1103 autem
1275 1060 1358 1104 unus
1391 1038 1432 1103 ad

301 1151 376 1192 oum
399 1127 450 1192 cui
470 1149 585 1190 nomen
609 1133 676 1190 erat
699 1126 823 1210 cleopas
845 1136 877 1190 et
899 1125 981 1189 dixit
995 1125 1035 1188 ad
1056 1125 1148 1189 illum
1171 1133 1207 1188 tu
1229 1124 1314 1189 solus
1341 1146 1429 1209 pere-

302 1213 435 1297 grinaris
467 1214 506 1276 ab
535 1211 725 1276 hierusalem
752 1234 815 1274 non
845 1209 1022 1294 cognouisti
1051 1233 1132 1294 quae
1161 1209 1244 1274 facta
1265 1216 1340 1274 sunt
1361 1207 1432 1274 istis

303 1298 423 1363 diebus.
467 1309 500 1362 19
522 1297 582 1361 Ille
604 1304 711 1362 autem
734 1294 815 1359 dixit
837 1295 901 1360 illis
931 1319 1021 1380 quae.
1066 1295 1121 1361 Illi
1148 1304 1255 1360 autem
1282 1294 1433 1358 dixerunt

300 1385 342 1448 de
364 1383 430 1447 ihr’n
453 1405 609 1447 nazareno
631 1381 687 1466 qui
710 1379 772 1446 fuit
793 1380 844 1446 uir
865 1381 988 1467 profeta
1009 1385 1120 1466 potens
1136 1380 1169 1444 in
1184 1380 1276 1445 factis
1291 1388 1324 1444 et
1339 1379 1432 1444 dictis

302 1471 336 1533 in
359 1473 527 1554 conspectu
549 1467 581 1530 di
605 1475 637 1532 et
658 1466 801 1530 uniuersi
815 1466 926 1552 populi
957 1477 993 1531 20
1011 1467 1166 1551 quomodo
1189 1467 1274 1530 hunc
1296 1465 1430 1530 tradide

301 1565 377 1618 runt
399 1554 574 1618 sacerdotes
597 1558 629 1617 et
651 1556 850 1636 magistratus
873 1553 971 1616 nostri
995 1552 1029 1616 in
1057 1551 1291 1616 damnationem
1321 1551 1432 1616 mortis

302 1646 335 1705 et
357 1638 442 1704 cruci
464 1661 537 1702 eum
559 1639 706 1702 fixerunt.
741 1649 775 1700 21
797 1660 853 1703 nos
876 1646 984 1702 autem
1006 1661 1168 1723 speramus
1190 1636 1266 1721 quia
1287 1636 1356 1720 ipse
1371 1635 1433 1700 fuit

299 1725 359 1809 qui
375 1725 594 1809 redempturus
610 1729 677 1788 erat
691 1723 832 1787 isdrahel
856 1775 861 1787 .
887 1723 1109 1788 simulantem
1133 1745 1205 1787 cum
1228 1721 1279 1786 his
1301 1720 1432 1786 tertium

303 1810 388 1874 diem
404 1809 469 1892 agit
484 1808 578 1872 hodie
593 1832 633 1872 ex
649 1831 712 1893 quo
727 1807 810 1873 facta
831 1816 906 1872 sunt
949 1820 983 1872 22
1005 1809 1060 1873 sed
1076 1807 1225 1872 mulieres
1240 1807 1376 1892 quedam
1391 1830 1433 1870 ex

303 1894 393 1959 nobis
427 1903 754 1959 commemorauerunt
784 1916 841 1958 nos
874 1917 945 1958 cum
978 1893 1113 1960 fuissent
1145 1901 1219 1958 ante
1249 1895 1363 1957 lucana
1391 1891 1431 1956 ad

301 1983 544 2044 monumentum
568 2027 574 2041 .
597 1991 631 2044 23
654 1987 768 2044 etcum
780 2002 845 2043 non
855 1977 1054 2044 inuenissent
1066 2001 1178 2063 corpus
1191 1978 1259 2043 eius
1274 1984 1433 2043 uenerunt

301 2064 443 2130 dicentes
472 2063 628 2129 uisionem
655 2065 837 2149 angelorum
867 2087 900 2129 se
927 2064 1046 2130 uidisse
1080 2065 1135 2149 qui
1161 2064 1308 2128 dicebant
1339 2062 1431 2127 illum

303 2149 415 2214 uiuere
457 2160 492 2213 24
518 2159 549 2215 63
577 2149 722 2215 abierunt
751 2149 880 2234 quidam
902 2150 942 2214 de
964 2149 1054 2215 nobis
1075 2151 1116 2214 ad
1137 2155 1377 2214 monumentum
1400 2157 1433 2212 et

303 2235 497 2301 inuenerunt
524 2235 584 2299 ista
613 2236 695 2300 sicut
727 2233 877 2300 dixerunt
907 2235 1058 2300 mulieres
1090 2235 1194 2320 ipsum
1227 2242 1335 2299 autem
1368 2256 1432 2298 non

304 2320 451 2386 uidimus.
495 2331 529 2384 23
558 2321 620 2384 Ille
648 2325 755 2386 autem
783 2319 865 2386 dixit
892 2321 931 2384 ad
954 2321 1026 2386 illos
1050 2371 1057 2383 .
1080 2344 1099 2385 o
1120 2319 1273 2385 insensati
1295 2325 1328 2384 et
1349 2317 1433 2384 tardi

303 2407 395 2470 corde
425 2407 464 2470 ad
497 2406 688 2470 credendum
717 2429 811 2492 super
839 2405 946 2489 omnia
972 2429 1053 2492 quae
1074 2406 1171 2470 locuti
1195 2412 1276 2489 sunt
1291 2405 1433 2502 profetae

300 2503 337 2556 26
359 2514 464 2556 nonne
486 2492 565 2557 haec
587 2491 694 2556 omnia
710 2491 872 2576 oportebat
893 2491 961 2576 pati
983 2501 1059 2576 xp1‘1‘1
1082 2499 1114 2556 et
1135 2489 1266 2556 introire
1288 2515 1322 2554 m
1345 2488 1433 2554 clari-

302 2583 400 2642 tatem
422 2600 521 2642 suam.
565 2587 598 2640 27
624 2578 666 2642 Et
687 2576 749 2641 fuit
770 2575 925 2662 incipiens
948 2600 967 2641 a
989 2600 1118 2661 moysen
1141 2585 1174 2641 et
1195 2575 1342 2640 omnibus
1363 2597 1433 2660 pro-

283 2662 376 2727 'fetis
399 2671 431 2726 et
453 2661 680 2747 interpraetans
702 2661 766 2726 illis
788 2662 823 2724 in
844 2663 991 2726 omnibus
1013 2661 1177 2760 scripturis
1199 2662 1239 2726 de
1265 2685 1311 2726 eo.
1344 2672 1379 2725 28
1401 2667 1433 2725 63

303 2746 596 2834 propinquauerunt
619 2749 658 2812 ad
681 2747 846 2813 castellum
869 2770 932 2833 qno
947 2746 1036 2812 ibant
1051 2800 1057 2811 .
1075 2771 1143 2833 ipse
1158 2753 1264 2813 autem
1280 2745 1433 2811 similauit

305 2856 339 2898 se
362 2833 485 2916 longius
508 2833 554 2897 ira
597 2844 630 2898 29
654 2838 685 2899 63
707 2839 907 2898 extorserunt
929 2833 977 2896 illi
999 2833 1139 2898 dicentes
1161 2856 1254 2897 mane
1269 2831 1432 2898 nobiscum

304 2919 456 3002 quoniam
478 2919 517 2982 ad
540 2941 704 3003 uesperam
736 2919 800 2982 iam
833 2917 1006 2982 declinauit
1038 2917 1114 2984 dios.
1159 2915 1204 2982 Et
1230 2917 1364 2983 intrauit
1397 2924 1434 2983 ut

306 3015 449 3068 maneret
471 3027 542 3067 cum
566 3003 629 3068 illis
673 3016 707 3069 39
737 3010 768 3068 et
795 3003 985 3068 factumest
1015 3003 1048 3067 in
1078 3005 1213 3068 eodum
1236 3004 1433 3068 recumberet

306 3088 427 3174 accepit
447 3111 562 3174 panem
585 3096 617 3153 et
638 3088 801 3154 benedixit
823 3088 972 3172 etfregit
994 3097 1026 3152 et
1047 3089 1178 3154 tradidit
1199 3089 1264 3154 illis
1303 3101 1337 3152 31
1361 3112 1432 3154 cum

306 3175 499 3259 accepissent
527 3184 634 3238 autem
662 3197 775 3258 panem
800 3175 837 3238 ab
861 3197 897 3238 eo
927 3175 1027 3259 aperti
1054 3185 1127 3238 sunt
1153 3174 1237 3238 oculi
1263 3197 1373 3238 eorum
1400 3183 1434 3240 et

305 3269 504 3342 agnouerunt
532 3259 622 3323 illurn
652 3270 684 3324 et
706 3282 861 3343 nusquam
884 3258 1060 3345 comparuit
1081 3261 1119 3324 ab
1142 3259 1197 3323 eis.
1241 3271 1276 3324 32
1303 3259 1359 3324 Illi
1381 3283 1434 3324 an-

306 3354 370 3409 tem
394 3343 543 3410 dixerunt
566 3347 605 3410 ad
627 3343 765 3410 inuicem
788 3368 892 3410 nonne
915 3368 968 3409 cor
990 3355 1131 3410 nostrum
1154 3343 1216 3408 fuit
1242 3344 1434 3410 extermina·

304 3438 375 3494 tum
396 3430 552 3514 quomodo
578 3430 613 3494 in
644 3431 697 3494 uia
724 3431 884 3515 aperiebat
912 3430 1003 3495 nobis
1032 3431 1202 3515 scripturas
1245 3441 1280 3494 33
1306 3441 1339 3495 et
1369 3453 1433 3494 sur-

305 3522 456 3580 rexerunt
478 3515 585 3580 tristes
607 3522 640 3580 63
661 3515 779 3580 reuerti
802 3523 876 3580 sunt
898 3513 967 3600 ipsa
989 3517 1066 3579 hora
1087 3517 1121 3580 in
1143 3514 1344 3580 hierusalem.
1388 3515 1433 3581 Et

304 3600 497 3665 inuenerunt
518 3601 664 3666 undecim
688 3601 858 3686 discipulos
880 3602 1027 3666 collectos
1048 3601 1083 3665 in
1105 3623 1205 3665 unum
1228 3608 1260 3667 et
1281 3601 1336 3685 qui
1359 3624 1432 3666 eum

305 3686 351 3751 eis
374 3695 464 3750 erant
496 3696 530 3750 34
552 3686 692 3772 dicentes
715 3687 790 3769 quia
812 3686 984 3751 resurrexit
1005 3686 1065 3750 dns
1088 3694 1120 3751 63
1141 3685 1229 3751 uisus
1249 3699 1296 3750 est
1317 3685 1432 3751 simoni

302 3782 339 3835 35
366 3779 399 3836 63
427 3771 494 3856 ipse
524 3773 701 3857 exponebat
728 3772 758 3836 ei
787 3794 869 3856 quae
899 3771 933 3835 in
960 3772 1015 3835 uia
1041 3780 1111 3837 acta
1132 3779 1206 3836 sunt
1228 3777 1260 3835 at
1282 3771 1432 3854 quoniam

304 3857 433 3940 agnitus
456 3856 572 3921 catilli
594 3857 627 3920 in
650 3855 741 3942 panis
764 3856 909 3923 fractura.
944 3869 978 3921 36
998 3856 1089 3922 Haec
1104 3879 1176 3920 cum
1200 3855 1249 3920 illi
1270 3857 1433 3941 loqueren-

304 3951 357 4006 tur
379 3942 447 4026 ipse
469 3941 558 4007 stetit
579 3943 613 4006 in
636 3941 740 4006 medio
763 3965 870 4006 eorum
907 3953 941 4006 37
964 3941 1082 4006 turbati
1105 3950 1212 4006 autem
1234 3950 1266 4006 63
1288 3943 1320 4005 in
1343 3942 1433 4007 timo-

305 4049 372 4092 rem
404 4025 493 4092 missi
519 4034 713 4112 putauerunt
739 4049 772 4092 se
795 4038 864 4112 sp1'1'1
887 4028 1005 4091 uidere.
1050 4038 1085 4091 38
1117 4027 1178 4091 1116
1212 4032 1318 4091 autem
1351 4027 1434 4093 dixit

303 4111 369 4177 illis
396 4111 473 4197 quid
501 4113 621 4177 turbati
648 4111 722 4177 estis
750 4135 846 4196 quare
872 4111 1077 4196 cogitationes
1110 4113 1284 4176 ascendunt
1316 4112 1351 4176 in
1380 4135 1435 4177 cor

304 4203 443 4262 uestrum
480 4209 522 4274 Ι39
551 4197 658 4263 uidete
684 4221 796 4262 manus
823 4221 909 4262 meas
933 4205 964 4262 et
985 4197 1081 4282 pedes
1104 4196 1253 4282 quoniam
1283 4220 1341 4281 ego
1363 4197 1432 4282 ipse

304 4305 375 4346 sum
404 4282 529 4368 palpate
556 4292 589 4348 63
614 4282 722 4347 uidete
750 4282 825 4367 quia
856 4288 909 4367 sps
937 4305 1062 4347 carnem
1093 4298 1125 4348 et
1153 4305 1223 4347 ossa
1252 4284 1434 4349 nonhabet

303 4367 386 4432 sicut
415 4391 465 4432 me
497 4368 613 4433 uidetis
644 4369 822 4433 habentem.
867 4378 900 4430 41
925 4368 1008 4432 Cum
1029 4366 1132 4432 adhuc
1155 4380 1260 4433 autem
1283 4391 1347 4432 non
1370 4391 1434 4432 cre

303 4453 415 4518 derant
437 4453 489 4516 illi
507 4461 538 4518 et
561 4477 632 4518 cum
654 4453 884 4518 admirarentur
906 4452 1054 4536 agaudio
1077 4452 1158 4517 dixit
1180 4452 1219 4516 ad
1241 4475 1294 4517 eos
1309 4453 1434 4520 habetis
