3667 5284
565 919 859 997 EUANGELIUM
886 921 1122 999 SECUNDUM
1148 922 1396 1001 ῙΟΗΑΝΝΕΜ.

501 1143 528 1208 Ι.
574 1142 652 1208 lIn
686 1143 841 1230 prinoipio
875 1151 943 1209 erat
971 1146 1105 1210 uerbum
1137 1151 1170 1209 θῖ
1201 1146 1333 1210 uerbum
1368 1151 1435 1211 erat
1457 1148 1555 1241 apud'

416 1230 509 1295 deum
539 1237 571 1294 θῖ
600 1230 637 1292 ds
667 1237 733 1294 erat
761 1231 893 1294 uerbum
937 1231 1036 1296 2hoo
1059 1237 1126 1295 erat
1147 1230 1181 1294 in
1204 1231 1359 1316 principio
1381 1231 1464 1316 apud
1487 1243 1540 1295 ‹.r'1'r

415 1314 560 1379 3omnia
593 1337 648 1399 per
679 1314 857 1400 ipsofaota
886 1322 960 1380 sunt
988 1323 1021 1380 et
1049 1315 1118 1380 sine
1148 1318 1215 1401 ipso
1238 1315 1355 1381 fantum
1379 1327 1426 1382 est
1448 1317 1538 1381 nihil.

416 1399 509 1484 Quod
533 1399 650 1464 factum
674 1407 722 1464 est
765 1411 782 1462 4
804 1400 838 1464 in
861 1400 915 1464 illo
939 1400 1007 1465 uita
1029 1409 1076 1466 est
1095 1409 1126 1467 et
1141 1403 1208 1466 uita
1224 1411 1290 1466 erat
1305 1402 1360 1466 lux
1375 1402 1539 1466 hominum

416 1497 432 1550 5
455 1495 487 1551 et
508 1486 564 1549 lux
586 1485 672 1549 lueet
693 1485 727 1550 in
749 1484 887 1551 tenebris
910 1494 942 1550 θῖ
964 1487 1112 1551 tenebrae
1134 1509 1208 1550 eum
1230 1510 1293 1551 non
1316 1509 1452 1572 oonprae
1467 1512 1540 1552 eum

416 1595 479 1637 non
503 1571 825 1656 conpraehenderuut.
869 1583 885 1635 6
907 1571 987 1636 Fuit
1009 1572 1102 1636 homo
1124 1571 1238 1636 missus
1254 1595 1273 1636 θ
1287 1573 1328 1637 do
1351 1572 1403 1636 oui
1425 1595 1539 1637 nomen

416 1665 484 1722 erat
515 1657 660 1720 iohannis
704 1657 794 1720 ahio
820 1657 910 1722 uenit
942 1657 975 1720 in
1006 1656 1221 1722 testimonium
1255 1662 1291 1721 ut
1323 1658 1540 1722 testimonium

416 1741 597 1829 perhiberet
629 1742 668 1806 de
700 1743 821 1806 lumine
852 1746 887 1806 ut
920 1765 1029 1808 omnes
1058 1743 1221 1807 crederent-
1266 1766 1300 1806 er
1322 1766 1393 1806 eum
1437 1754 1540 1808 8non

417 1835 484 1893 erat
500 1827 554 1892 ille
577 1828 685 1892 lumen
708 1828 763 1892 sed
786 1835 821 1892 ut
843 1827 1063 1894 testimonium
1084 1766 1282 1892 redderetis
1298 1827 1418 1894 lumine
1453 1840 1470 1892 9
1493 1834 1542 1894 est

417 1914 524 1978 lumen
547 1937 659 1976 uerum
681 1912 765 1998 quod
786 1912 957 1978 inluminat
978 1937 1103 1978 omnem
1126 1912 1286 1977 hominem
1309 1913 1491 1978 uenientem
1506 1913 1539 1978 in

417 2001 476 2065 hoo
492 1999 633 2062 mundo.
679 2010 713 2062 10
740 1997 780 2062 In
810 1999 869 2062 hoo
899 1999 1015 2062 mundo
1045 2004 1112 2064 erat
1141 2006 1173 2063 et
1200 1999 1336 2063 mundus
1357 2021 1414 2084 per
1435 1998 1539 2084 ipsum

417 2083 519 2150 faetus
542 2090 590 2148 est
612 2092 644 2147 et
666 2084 803 2148 mundus
826 2107 899 2147 eum
922 2106 984 2148 uon
1008 2083 1164 2164 cognouit.
1210 2095 1241 2147 11
1271 2085 1312 2148 In
1336 2107 1393 2148 sua
1414 2084 1542 2170 propria

403 2202 407 2253 ¹.
418 2169 508 2235 uenit
530 2173 562 2233 θῖ
584 2168 634 2233 sui
656 2191 729 2232 eum
751 2192 814 2233 non
837 2176 1031 2255 receperunt.
1064 2181 1110 2232 ’12
1132 2170 1301 2255 quodquod
1323 2194 1396 2233 eum
1419 2192 1540 2255 recepe-

402 2262 492 2320 ·runt
513 2254 600 2320 dedit
627 2253 690 2318 illis
719 2260 904 2339 potestatem
932 2262 968 2319 ut
995 2255 1041 2319 fili
1069 2255 1101 2318 di
1129 2257 1241 2319 fierent
1263 2255 1318 2339 qui
1347 2255 1539 2320 eredunt-in

316 2389 321 2403 „
417 2339 544 2405 nomine
567 2339 635 2404 eius
679 2351 712 2403 13
735 2340 789 2422 qui
812 2363 874 2404 non
897 2339 1158 2424 exsanguinibus
1182 2392 1188 2403 .
1212 2363 1315 2424 neque
1335 2363 1376 2403 ex
1398 2341 1541 2405 uolunta·

417 2431 482 2491 tem
509 2425 612 2490 earnis
636 2475 642 2486 .
666 2447 769 2509 neque
797 2449 836 2489 ex
863 2427 1028 2490 uoluntate
1056 2425 1119 2489 uiri
1147 2426 1202 2490 sed
1228 2449 1269 2488 ex
1298 2425 1338 2490 do
1365 2427 1432 2490 nati
1455 2433 1537 2490 sunt.

418 2522 452 2575 14
485 2519 517 2576 θῖ
548 2511 681 2575 uerbum
716 2534 786 2575 earo
817 2511 900 2576 facta
931 2519 979 2576 est
1007 2564 1013 2574 .
1040 2518 1072 2576 θῖ
1101 2510 1260 2574 habitauit
1292 2510 1449 2576 innubis
1480 2561 1486 2572 .
1511 2520 1541 2574 et

321 2599 326 2602 ’
402 2596 553 2662 uidimus
584 2596 715 2679 gloriam
743 2595 811 2660 eius
840 2595 972 2678 gloriam
1002 2606 1162 2678 tamquam
1191 2595 1278 2660 unici
1303 2595 1402 2680 patris
1430 2595 1542 2681 plenus

419 2681 520 2766 gratia
542 2686 574 2746 et
596 2681 738 2746 ueritate.
785 2693 817 2745 15
845 2681 999 2746 Iohannis
1025 2681 1244 2746 testimonium
1275 2681 1352 2746 dioit
1380 2682 1419 2745 de
1445 2702 1481 2744 eo
1508 2685 1540 2743 et

420 2765 579 2854 praedicat
601 2767 708 2832 dioens
730 2767 782 2830 hio
804 2776 852 2830 est
875 2767 912 2832 de
936 2789 998 2851 quo
1021 2766 1088 2830 dixi
1111 2766 1166 2851 qui
1188 2773 1258 2852 post
1279 2790 1330 2831 me
1357 2765 1446 2831 uenit
1467 2771 1540 2830 ante

420 2876 471 2916 me
502 2851 602 2917 factus
636 2860 683 2916 est
710 2904 715 2915 .
745 2852 893 2936 quoniam
927 2852 1011 2937 prior
1043 2876 1094 2915 me
1128 2868 1203 2916 erat.
1255 2864 1288 2916 16
1321 2851 1469 2936 quoniam
1503 2851 1543 2915 de

420 2937 618 3025 plenitudine
654 2937 721 3002 eius
755 2960 811 3002 nos
844 2957 953 3001 omnes
987 2937 1165 3023 accepimus
1186 2937 1319 3022 gratiam
1348 2960 1404 3022 pro
1431 2936 1541 3021 gratia.

421 3036 453 3088 17
484 3023 632 3107 quoniam
664 3022 717 3086 lex
743 3046 798 3106 per
828 3046 957 3104 moysen
985 3023 1058 3087 data
1086 3030 1135 3086 θεῖ
1163 3022 1265 3107 gratia
1293 3034 1325 3086 et
1346 3021 1466 3086 ueritas
1487 3045 1543 3107 per

420 3109 486 3172 ihm
509 3119 585 3193 xpm
608 3109 691 3174 faeta
714 3115 767 3173 θεῖ.
813 3119 847 3172 18
869 3109 922 3171 dm
944 3131 1037 3172 nemo
1053 3107 1134 3172 uidit
1156 3131 1296 3192 unquam
1318 3107 1381 3171 nisi
1403 3107 1543 3192 unigeni-

422 3201 473 3260 tus
495 3196 579 3258 filius
603 3194 656 3278 qui
680 3201 727 3258 est
749 3193 782 3256 in
804 3194 876 3258 sinu
898 3194 997 3278 patris
1018 3193 1087 3279 ipse
1110 3194 1260 3257 narrauit.
1306 3205 1338 3257 19
1360 3193 1404 3256 Et
1426 3194 1543 3258 1100181

421 3279 636 3346 testimonium
648 3279 667 3342 d
679 3279 825 3343 iohannis
840 3279 964 3363 quando
979 3279 1134 3343 miserunt
1148 3279 1253 3343 iudaei
1269 3301 1309 3342 ex
1325 3277 1545 3362 hierolosymis

421 3366 596 3431 sacerdotes
619 3373 650 3429 θῖ
671 3364 808 3429 leuuitas
830 3365 869 3428 ad
892 3388 964 3428 eum
987 3375 1023 3430 ut
1044 3364 1273 3442 interrogarent
1295 3387 1368 3427 eum
1392 3412 1398 3424 .
1421 3372 1456 3427 tu
1472 3362 1543 3446 quis

422 3475 454 3516 es
498 3463 533 3516 20
554 3449 713 3514 confessus
736 3457 782 3515 est
806 3502 811 3513 .
836 3458 868 3514 θῖ
890 3473 953 3513 non
976 3449 1106 3533 negauit
1127 3449 1191 3514 illis
1213 3449 1362 3535 quoniam
1389 3471 1446 3530 ego
1472 3471 1541 3512 sum

421 3540 490 3622 xps.
535 3547 568 3599 21
591 3535 635 3600 Et
657 3535 930 3614 interrogauerunt
956 3558 1029 3599 eum
1051 3535 1168 3600 iterum
1197 3536 1337 3599 dieentes
1365 3533 1442 3618 quid
1469 3555 1543 3616 ergo

422 3645 454 3686 es
477 3628 512 3686 tu
537 3671 541 3683 .
565 3621 666 3685 helias
689 3643 731 3698 θε,
775 3621 819 3685 Et
841 3620 886 3684 ait
907 3643 971 3683 nou
994 3643 1063 3685 sum
1086 3621 1312 3705 responderunt
1334 3618 1455 3704 profeta
1470 3641 1545 3703 ergo

423 3730 455 3772 es
477 3714 512 3771 tu
535 3755 541 3768 .
567 3713 598 3770 et
620 3706 664 3771 ait
686 3730 747 3770 non
770 3729 850 3770 sum.
895 3717 929 3768 22
952 3714 984 3769 et
999 3705 1146 3770 dixerunt
1161 3706 1236 3790 quid
1251 3728 1324 3789 ergo
1340 3728 1372 3768 es
1388 3703 1439 3769 die
1453 3704 1544 3768 nobis

421 3798 457 3856 ut
479 3790 596 3857 reuersi
619 3791 836 3856 renuntiemus
859 3790 904 3855 eis
927 3790 981 3874 qui
1003 3814 1060 3856 nos
1082 3791 1236 3856 miserunt
1258 3790 1334 3875 quid
1354 3789 1432 3856 diois
1447 3790 1485 3854 de
1500 3795 1541 3854 te.

422 3889 455 3940 23
478 3887 510 3941 θῖ
532 3875 613 3940 dixit
635 3899 693 3958 ego
715 3899 784 3941 sum
808 3900 872 3941 uox
895 3877 1059 3941 clamantis
1082 3875 1115 3939 iu
1138 3876 1276 3942 dorserta
1302 3874 1428 3960 dirigite
1459 3875 1543 3938 uiam

403 4000 404 4009 κ
423 3963 477 4026 dni
506 3967 606 4026 rectas
633 3961 726 4025 facite
757 3963 884 4026 semitas
907 3963 939 4025 di
961 3962 1060 4026 nostri
1082 3961 1164 4027 siout
1186 3961 1267 4026 dixit
1289 3962 1389 4026 eseias
1411 3959 1542 4046 profeta.

422 4057 457 4112 24
485 4048 546 4111 1111.
561 4047 667 4131 itaque
697 4047 752 4131 qui
781 4047 853 4112 misi
883 4055 972 4112 erant
994 4047 1033 4112 de
1055 4046 1184 4112 lenuitis
1207 4052 1238 4112 θῖ
1260 4046 1401 4111 farisaeis
1444 4056 1478 4109 25
1500 4043 1544 4107 di-

424 4141 530 4198 eentes
552 4133 628 4218 quid
651 4155 725 4215 ergo
747 4133 884 4218 baptizas
907 4132 934 4197 si
957 4143 992 4196 tu
1015 4156 1076 4197 uon
1100 4155 1133 4196 es
1155 4137 1215 4217 rqb
1237 4155 1295 4196 nee
1317 4131 1418 4196 helias
1440 4152 1544 4214 neque

422 4217 551 4304 profeta.
595 4229 630 4282 26
651 4218 695 4282 Et
714 4219 875 4304 respondit
892 4217 956 4282 illis
978 4216 1124 4283 iohannis
1140 4240 1196 4300 ego
1225 4217 1350 4302 baptizo
1373 4216 1406 4280 in
1429 4237 1543 4299 aquam

405 4307 459 4385 ,in
486 4302 590 4369 medio
618 4311 724 4368 autem
753 4313 895 4368 uestrum
923 4309 985 4367 stat
1013 4326 1106 4388 quem
1129 4325 1185 4367 uos
1207 4325 1270 4366 non
1292 4300 1378 4367 saitis
1420 4311 1454 4364 21
1476 4301 1546 4385 ipse

424 4395 471 4454 est
493 4390 531 4453 de
555 4412 616 4474 quo
639 4388 706 4453 dixi
729 4389 783 4474 qui
805 4397 877 4475 post
899 4411 949 4453 me
972 4389 1062 4454 uenit
1083 4396 1156 4452 unte
1179 4411 1229 4450 me
1251 4386 1353 4451 faetus
1380 4395 1428 4451 est
1454 4385 1544 4450 euius

421 4498 480 4560 ogo
503 4499 565 4540 non
588 4498 658 4540 sum
681 4475 794 4560 dignus
818 4473 983 4558 corrigiam
1012 4473 1287 4538 calciamentorum
1316 4471 1384 4537 eius
1412 4471 1543 4537 soluere.
