3667 5284
303 455 333 510 G.
350 459 374 510 8.
837 450 892 506 ioh.
1310 486 1313 492 ·
1387 450 1427 512 31

304 643 338 708 in
356 641 494 728 peccatis
512 640 626 706 uestris
649 641 674 704 si
692 639 774 704 enirn
792 663 854 703 non
877 636 1075 704 credideritis
1091 636 1169 701 mihi
1189 635 1264 721 quia
1279 659 1335 720 ego
1355 659 1429 700 sum

304 727 481 793 moriemini
496 726 528 790 in
545 725 681 811 peccatis
697 723 819 790 uestris.
850 735 884 787 25
904 722 1063 788 Dicebant
1082 745 1156 806 ergo
1175 722 1275 786 illitu
1296 723 1426 806 quises.

305 813 365 878 Ait
380 813 443 876 illis
459 813 510 875 its
525 811 715 898 principium
732 809 786 894 qui
802 820 833 873 et
848 809 959 894 loquor
974 807 1063 872 uobis
1093 819 1127 871 26
1142 808 1242 872 multa
1256 808 1374 872 habens
1389 808 1429 871 de

304 898 394 963 uobis
416 897 504 981 loqui
527 896 720 960 etiudica1·e
743 896 797 959 sed
820 894 876 979 qui
899 917 951 958 me
977 893 1065 958 misit
1087 916 1185 958 uerax
1211 898 1259 956 est
1282 941 1288 954 .
1313 905 1345 957 et
1370 916 1428 976 ego

292 1005 389 1069 -quae
411 983 498 1047 audii
520 983 557 1047 ab
580 1004 617 1046 99
639 983 716 1046 hacc
732 980 842 1065 loquor
864 979 897 1042 in
920 979 1089 1044 saeculum.
1134 989 1167 1042 27
1190 985 1223 1042 st
1237 1001 1299 1042 non
1315 1001 1427 1061 cogno·

305 1077 421 1134 uerunt
448 1067 523 1153 quia
551 1073 672 1152 patrem
703 1065 766 1129 illis
798 1065 922 1129 dicebat
948 1065 1010 1128 dur.
1055 1075 1089 1128 28
1117 1065 1162 1128 Et
1187 1063 1269 1128 dixit
1291 1063 1355 1128 illis
1377 1065 1430 1127 ins

305 1177 375 1219 cum
399 1151 586 1218 exaltanerit
606 1151 709 1215 ‘filium
731 1149 868 1215 hominis
890 1160 967 1214 tunc
988 1149 1094 1214 scietis
1116 1149 1193 1234 quia
1214 1171 1271 1233 ego
1298 1172 1367 1214 sum
1397 1160 1429 1213 et

305 1262 395 1304 ame
418 1237 498 1303 facio
521 1237 601 1302 nihil
630 1287 635 1298 .
660 1236 715 1300 sed
744 1237 825 1301 sicut
854 1259 905 1299 me
932 1235 1038 1300 docuit
1066 1246 1155 1319 pater
1186 1234 1230 1298 ita
1258 1243 1294 1299 et:
1318 1235 1429 1319 loquor

304 1335 337 1389 29
360 1324 508 1408 quoniam
531 1329 562 1388 et
585 1321 641 1406 qui
663 1344 714 1388 me
736 1321 821 1386 misit
836 1344 959 1386 mecum
976 1326 1023 1386 est
1039 1328 1071 1384 et
1085 1343 1148 1384 non
1167 1343 1217 1383 me
1234 1319 1397 1404 resinquet
1420 1373 1426 1383 .

305 1409 453 1493 quoniam
481 1420 512 1473 et
535 1431 591 1493 ego
615 1431 696 1493 quae
718 1406 766 1471 illi
788 1407 913 1492 placent
940 1407 1019 1470 haec
1041 1420 1114 1469 ante
1138 1415 1338 1489 conspectum
1360 1407 1430 1470 eius

302 1493 383 1559 facio
405 1517 537 1579 semper.
583 1505 618 1558 30
646 1492 736 1557 Haec
758 1516 830 1557 cum
852 1492 1035 1575 loqueretur
1057 1491 1149 1555 multi
1171 1490 1372 1555 crediderunt
1394 1491 1428 1554 in

304 1603 385 1644 eum.
424 1591 457 1643 31
480 1579 617 1643 Dicebat
632 1601 704 1662 ergo
721 1578 771 1640 ihs
787 1578 833 1642 eis
849 1579 904 1661 qui
918 1576 1116 1641 crediderant
1131 1599 1172 1640 ex
1190 1575 1312 1641 iudaeis
1329 1576 1356 1641 si
1372 1599 1428 1641 uos

303 1664 537 1751 permanseritis
563 1666 597 1728 in
626 1665 722 1728 uerbo
749 1686 819 1727 meo
849 1685 924 1726 nere
953 1661 1185 1747 discipulimei
1209 1659 1297 1726 eritis
1340 1672 1374 1726 32
1397 1668 1430 1727 et

304 1749 490 1835 cognoscitis
511 1749 680 1818 ueritatem
701 1757 733 1813 et
755 1747 872 1812 ueritas
894 1747 1042 1812 liberauit
1068 1770 1133 1811 uos.
1184 1758 1219 1810 33
1248 1747 1429 1832 Responde-

304 1845 377 1900 runt
408 1835 447 1899 ad
479 1857 551 1899 eum
579 1834 683 1898 iudaei
715 1838 747 1898 et
776 1833 925 1898 dixerunt
952 1855 1061 1898 semen
1087 1833 1222 1896 abrahae
1255 1855 1363 1896 sumus
1396 1843 1428 1898 et

303 1920 424 1985 nemini
446 1918 637 1984 seruiuimus
657 1941 798 2004 unquam
820 1919 975 2004 quomodo
996 1923 1031 1982 tu
1046 1917 1124 1982 dicis
1136 1918 1210 2002 quia
1224 1917 1316 1981 liberi
1331 1917 1428 1984 eritis.

304 2016 339 2070 34
360 2005 538 2090 Respondit
560 2005 611 2068 ils
634 2013 667 2068 et
689 2003 793 2068 dixit.
810 2027 1010 2068 amenamen
1029 2002 1098 2069 dico
1120 2003 1208 2068 uobis
1229 2002 1305 2088 quia
1326 2005 1430 2068 omnis

305 2091 361 2176 qui
383 2089 459 2154 facit
481 2098 643 2175 peceatum
666 2111 776 2154 seruus
799 2097 847 2154 est
868 2089 999 2174 peccati.
1044 2100 1078 2153 35
1104 2111 1214 2152 seruus
1237 2096 1343 2152 autem
1365 2113 1429 2154 non

305 2185 413 2240 manet
434 2176 468 2239 in
490 2176 581 2239 domo
604 2175 637 2238 in
660 2185 823 2240 aeternum
845 2177 905 2238 fius
928 2182 1035 2238 manet
1056 2174 1090 2238 in
1119 2182 1292 2238 aeternnm.
1335 2186 1369 2239 36
1402 2175 1428 2240 si

305 2261 388 2324 filius
420 2283 475 2325 uos
506 2259 688 2324 liberauerit
721 2283 796 2324 uere
827 2259 917 2324 liberi
944 2259 1039 2324 eritis.
1090 2271 1124 2324 37
1146 2259 1301 2343 scioquia
1322 2283 1428 2325 semen

305 2347 439 2410 abrahae
476 2345 550 2410 estis
575 2347 629 2410 sed
663 2345 822 2431 quaeritas
855 2369 905 2408 me
936 2345 1113 2410 interficere
1146 2346 1295 2430 quoniam
1327 2369 1431 2410 sermo

306 2455 394 2496 meus
416 2455 478 2494 non
502 2431 659 2516 excipitur
680 2431 714 2495 in
738 2431 836 2496 uobis.
881 2442 915 2496 38
938 2454 995 2514 ego
1015 2431 1098 2516 quod
1120 2430 1187 2495 uidi
1202 2429 1286 2515 apud
1308 2441 1430 2516 patrem

304 2540 411 2582 meum
442 2516 552 2601 loquor
589 2569 594 2579 .
628 2523 660 2580 et
689 2539 746 2581 uos
779 2515 886 2600 itaque
907 2539 1003 2601 .quae
1036 2515 1160 2580 uidistis
1192 2516 1276 2601 apud
1308 2524 1431 2601 patrem

304 2609 445 2667 uestrum
472 2601 585 2666 facitis.
636 2613 670 2666 39
699 2603 945 2686 Responderunt
971 2601 1079 2686 itaque
1106 2609 1138 2666 et
1164 2601 1313 2666 dixerunt
1341 2611 1431 2687 puter

304 2697 410 2753 noster
432 2687 580 2752 abraham
603 2697 659 2752 est.
694 2687 788 2751 Dixit
809 2709 882 2770 ergo
905 2686 956 2750 ils
972 2688 997 2751 si
1013 2688 1058 2751 fili
1074 2687 1208 2751 abrahae
1223 2686 1333 2752 essetis
1347 2687 1431 2752 faeta

304 2774 439 2837 abrahae
473 2772 611 2838 faceritis
661 2783 696 2837 40
730 2795 814 2836 nunc
840 2779 948 2836 autem
980 2771 1137 2856 quaeritas
1170 2773 1347 2837 interficere
1378 2774 1430 2837 ho·

306 2858 423 2921 minem
455 2857 510 2940 qui
543 2857 711 2922 ueritatem
745 2859 868 2923 locutus
900 2866 948 2922 est
970 2857 1059 2923 uobis
1081 2881 1176 2943 quam
1205 2857 1306 2922 audiit
1327 2859 1366 2922 ab
1389 2861 1431 2922 do

306 2943 366 3006 hoc
387 2943 536 3006 abraham
557 2965 619 3006 non
642 2941 718 3007 lecit
749 2945 789 3006 41
814 2943 868 3007 sed
892 2966 948 3007 uos
970 2943 1074 3008 facitis
1096 2942 1179 3009 facta
1201 2943 1299 3028 patris
1321 2944 1428 3008 uestri.

306 3026 410 3090 Aiunt
432 3027 480 3090 illi
501 3050 558 3092 nos
586 3027 625 3092 de
654 3026 861 3093 fornicatione
883 3052 947 3093 non
969 3051 1078 3093 sumus
1099 3028 1167 3092 nati
1188 3051 1287 3092 unum
1307 3038 1430 3114 patrem

305 3111 457 3176 habemus
486 3113 548 3176 diri.
592 3123 627 3175 42
658 3113 718 3177 Ait
745 3113 808 3177 illis
836 3114 887 3177 ils
910 3114 937 3178 si
960 3115 998 3176 ds
1019 3121 1110 3199 pater
1132 3123 1233 3178 uester
1254 3119 1337 3179 esset
1359 3114 1428 3178 dili·

305 3195 430 3281 gissstis
452 3220 503 3261 me
525 3220 582 3279 ego
606 3197 692 3260 enirn
707 3199 745 3262 de
761 3199 801 3262 do
817 3200 882 3262 exii
905 3251 910 3262 .
931 3199 1101 3281 nonenim
1117 3223 1135 3263 a
1150 3221 1200 3262 me
1216 3199 1431 3264 11911199111119

280 3305 357 3345 ,1119
384 3280 478 3347 misit.
529 3292 563 3346 43
593 3305 690 3368 quare
719 3284 886 3367 loquellam
914 3307 1017 3348 meam
1046 3308 1109 3348 non
1139 3284 1325 3367 cognoscitis
1355 3285 1430 3369 quia

306 3389 369 3430 non
391 3366 522 3451 potestis
544 3368 653 3432 audire
676 3391 841 3434 sermonen
856 3392 963 3433 meum
1006 3380 1042 3432 44
1064 3371 1129 3435 Uos
1145 3370 1183 3433 de
1198 3378 1288 3454 patre
1303 3369 1432 3435 diabulo

306 3451 380 3516 estis
403 3503 409 3515 .
434 3457 465 3517 et
480 3453 733 3537 concupiscentia
756 3453 853 3539 patris
874 3455 972 3519 uestri
989 3454 1090 3520 lacere
1110 3454 1208 3519 uultis
1232 3506 1238 3519 .
1262 3454 1317 3519 ille
1331 3453 1430 3519 homi·

306 3537 375 3600 cida
401 3537 463 3601 fuit
492 3539 531 3602 ab
560 3538 652 3603 initio
686 3547 717 3604 et
747 3539 781 3604 in
809 3538 945 3604 ueritate
971 3563 1033 3604 non
1062 3541 1151 3605 stetit
1179 3542 1254 3624 quia
1286 3563 1350 3604 non
1382 3550 1432 3606 est

244 3666 247 3674 ,
306 3622 423 3688 ueritas
446 3621 479 3686 in
500 3623 555 3687 1119
585 3625 639 3708 qui
669 3623 809 3710 loquitur
842 3625 991 3690 mendum
1025 3627 1064 3688 de
1097 3648 1153 3690 suo
1183 3624 1324 3710 loquitur
1354 3625 1430 3709 quia

306 3707 442 3772 mendax
470 3717 516 3772 est
544 3709 626 3774 sicut
655 3717 687 3774 et
712 3718 801 3807 pater
828 3709 896 3775 eius
938 3720 974 3775 45
1003 3733 1061 3796 ego
1088 3710 1235 3796 quoniam
1263 3710 1430 3776 ueritatem

240 3824 246 3838 ·
305 3794 416 3878 loquor
445 3816 507 3858 non
535 3793 616 3858 mihi
643 3795 769 3861 creditis
816 3806 851 3860 46
878 3794 950 3882 quis
979 3796 1018 3860 de
1044 3802 1184 3861 uestrum
1214 3801 1325 3878 arguet
1347 3820 1428 3861 me.

306 3878 344 3943 de
367 3884 492 3964 peccato
515 3879 542 3944 si
564 3878 731 3944 ueritatem
751 3881 863 3965 loquor
885 3903 981 3966 quare
1013 3903 1070 3946 1199
1095 3904 1159 3945 11911
1186 3881 1263 3945 mihi
1293 3881 1428 3948 creditis.

305 3973 339 4027 47
362 3964 417 4048 qui
439 3969 487 4029 est
508 3964 602 4029 dedo
623 3967 718 4030 narba
734 3967 765 4030 di
788 3968 883 4030 audet
899 4018 904 4029 .
922 3967 993 4031 ideo
1008 3989 1065 4030 uos
1080 3989 1143 4031 non
1163 3966 1279 4032 auditis
1293 3966 1369 4052 quia
1391 3968 1432 4032 de

306 4050 346 4114 do
376 4072 438 4115 non
475 4049 558 4115 estis.
611 4061 646 4115 48
683 4049 928 4136 Responderunt
959 4051 1065 4116 iudaei
1101 4059 1134 4117 et
1165 4052 1256 4117 aiunt
1287 4052 1336 4117 illi
1366 4076 1430 4117 non

305 4134 384 4198 bene
417 4134 552 4200 dicimus
584 4136 659 4219 quia
690 4137 854 4202 samarites
887 4160 921 4203 es
957 4144 992 4202 tu
1028 4144 1061 4202 et
1094 4137 1294 4202 daemonium
1324 4139 1430 4204 habes.

306 4229 339 4284 49
365 4220 544 4306 Respondit
578 4219 628 4284 ils
658 4244 715 4306 ego
738 4221 938 4286 daemonium
969 4246 1033 4288 non
1055 4223 1155 4287 habeo
1176 4224 1232 4288 sed
1259 4223 1431 4289 honorifico

307 4309 428 4389 patrem
456 4328 561 4369 meum
592 4353 599 4368 .
630 4329 686 4372 uos
714 4307 926 4373 inhonorastis
950 4331 1014 4373 me.
1063 4319 1105 4373 *50
1120 4331 1191 4392 *ego
1226 4319 1331 4374 autern
1366 4332 1428 4373 non

309 4411 423 4473 quaero
442 4390 617 4456 claritatem
633 4415 736 4456 meam
758 4402 806 4458 est
828 4392 883 4477 qui
905 4399 1036 4479 quaerat
1057 4399 1089 4459 et
1111 4391 1237 4459 iudicet.
1267 4405 1299 4458 51
1322 4395 1429 4457 Amen

308 4498 400 4540 amen
428 4475 498 4542 dico
523 4477 613 4542 uobis
641 4477 668 4542 si
696 4477 766 4563 quis
794 4480 927 4544 uerbum
956 4502 1062 4544 meum
1085 4478 1269 4545 custodierit
1297 4487 1428 4543 mortem
