<?xml version="1.0" encoding="UTF-8"?>
<!DOCTYPE html PUBLIC "-//W3C//DTD XHTML 1.0 Transitional//EN"
    "http://www.w3.org/TR/xhtml1/DTD/xhtml1-transitional.dtd">
<html xmlns="http://www.w3.org/1999/xhtml" xml:lang="en" lang="en">
 <head>
  <title>
</title>
<meta http-equiv="Content-Type" content="text/html;charset=utf-8" />
  <meta name='ocr-system' content='tesseract 3.04.00' />
  <meta name='ocr-capabilities' content='ocr_page ocr_carea ocr_par ocr_line ocrx_word'/>
</head>
<body>
  <div class='ocr_page' id='page_1' title='image "./evangeliumpalat00natigoog_0074.png"; bbox 0 0 3667 5284; ppageno 0'>
   <div class='ocr_carea' id='block_1_1' title="bbox 418 471 1546 560">
    <p class='ocr_par' dir='ltr' id='par_1_1' title="bbox 418 471 1546 560">
     <span class='ocr_line' id='line_1_1' title="bbox 418 471 1546 560; baseline 0.004 -12"><span class='ocrx_word' id='word_1_1' title='bbox 418 497 460 560; x_wconf 81' lang='lat'>62</span> <span class='ocrx_word' id='word_1_2' title='bbox 845 471 848 480; x_wconf 31' lang='grc' dir='ltr'>Ι</span> <span class='ocrx_word' id='word_1_3' title='bbox 918 495 970 549; x_wconf 73' lang='lat' dir='ltr'>Er.</span> <span class='ocrx_word' id='word_1_4' title='bbox 991 511 1043 549; x_wconf 88' lang='lat' dir='ltr'>sec.</span> <span class='ocrx_word' id='word_1_5' title='bbox 1422 497 1454 551; x_wconf 81' lang='lat' dir='ltr'>G.</span> <span class='ocrx_word' id='word_1_6' title='bbox 1474 502 1497 551; x_wconf 84' lang='lat'>7.</span> <span class='ocrx_word' id='word_1_7' title='bbox 1516 501 1546 552; x_wconf 87' lang='lat'>8.</span> 
     </span>
    </p>
   </div>
   <div class='ocr_carea' id='block_1_2' title="bbox 419 682 1549 854">
    <p class='ocr_par' dir='ltr' id='par_1_2' title="bbox 419 682 1549 854">
     <span class='ocr_line' id='line_1_2' title="bbox 421 682 1549 770; baseline 0.003 -23"><span class='ocrx_word' id='word_1_8' title='bbox 421 682 570 768; x_wconf 89' lang='lat' dir='ltr'>quoniam</span> <span class='ocrx_word' id='word_1_9' title='bbox 593 682 753 768; x_wconf 77' lang='lat' dir='ltr'>peccatrix</span> <span class='ocrx_word' id='word_1_10' title='bbox 776 690 829 749; x_wconf 86' lang='lat' dir='ltr'>est.</span> <span class='ocrx_word' id='word_1_11' title='bbox 877 693 911 748; x_wconf 87' lang='grc'>40</span> <span class='ocrx_word' id='word_1_12' title='bbox 933 683 977 746; x_wconf 83' lang='lat' dir='ltr'>Et</span> <span class='ocrx_word' id='word_1_13' title='bbox 999 705 1048 747; x_wconf 89' lang='lat' dir='ltr'>res</span> <span class='ocrx_word' id='word_1_14' title='bbox 1072 683 1161 749; x_wconf 87' lang='lat' dir='ltr'>ondit</span> <span class='ocrx_word' id='word_1_15' title='bbox 1181 682 1233 762; x_wconf 73' lang='lat' dir='ltr'>ihs</span> <span class='ocrx_word' id='word_1_16' title='bbox 1255 684 1295 749; x_wconf 90' lang='lat' dir='ltr'>ad</span> <span class='ocrx_word' id='word_1_17' title='bbox 1316 690 1441 770; x_wconf 91' lang='lat' dir='ltr'>petrum</span> <span class='ocrx_word' id='word_1_18' title='bbox 1463 685 1549 750; x_wconf 90' lang='lat' dir='ltr'>dixit</span> 
     </span>
     <span class='ocr_line' id='line_1_3' title="bbox 419 707 1545 854; baseline 0.001 -21"><span class='ocrx_word' id='word_1_19' title='bbox 419 769 466 833; x_wconf 89' lang='lat' dir='ltr'>illi</span> <span class='ocrx_word' id='word_1_20' title='bbox 489 771 591 834; x_wconf 89' lang='lat' dir='ltr'>simon</span> <span class='ocrx_word' id='word_1_21' title='bbox 614 769 713 833; x_wconf 87' lang='lat' dir='ltr'>habeo</span> <span class='ocrx_word' id='word_1_22' title='bbox 736 767 794 834; x_wconf 91' lang='lat' dir='ltr'>tibi</span> <span class='ocrx_word' id='word_1_23' title='bbox 816 767 921 833; x_wconf 90' lang='lat' dir='ltr'>dicere</span> <span class='ocrx_word' id='word_1_24' title='bbox 943 707 1069 853; x_wconf 55' lang='lat' dir='ltr'>aliquid)</span> <span class='ocrx_word' id='word_1_25' title='bbox 1087 818 1094 832; x_wconf 86' lang='lat'>.</span> <span class='ocrx_word' id='word_1_26' title='bbox 1118 769 1167 834; x_wconf 90' lang='lat' dir='ltr'>illi</span> <span class='ocrx_word' id='word_1_27' title='bbox 1189 778 1296 835; x_wconf 87' lang='lat' dir='ltr'>autem</span> <span class='ocrx_word' id='word_1_28' title='bbox 1326 774 1370 834; x_wconf 90' lang='lat' dir='ltr'>ait</span> <span class='ocrx_word' id='word_1_29' title='bbox 1396 771 1545 854; x_wconf 88' lang='lat' dir='ltr'>magister</span> 
     </span>
    </p>
   </div>
   <div class='ocr_carea' id='block_1_3' title="bbox 418 853 1548 1027">
    <p class='ocr_par' dir='ltr' id='par_1_3' title="bbox 418 853 1548 1027">
     <span class='ocr_line' id='line_1_4' title="bbox 419 853 1548 921; baseline 0.002 -2"><span class='ocrx_word' id='word_1_30' title='bbox 419 855 477 919; x_wconf 91' lang='lat' dir='ltr'>dic.</span> <span class='ocrx_word' id='word_1_31' title='bbox 512 864 545 918; x_wconf 92' lang='lat'>41</span> <span class='ocrx_word' id='word_1_32' title='bbox 569 854 613 918; x_wconf 81' lang='lat' dir='ltr'>Elt</span> <span class='ocrx_word' id='word_1_33' title='bbox 636 854 687 918; x_wconf 83' lang='lat' dir='ltr'>ihs</span> <span class='ocrx_word' id='word_1_34' title='bbox 710 853 755 918; x_wconf 89' lang='lat' dir='ltr'>ait</span> <span class='ocrx_word' id='word_1_35' title='bbox 777 854 838 918; x_wconf 89' lang='lat' dir='ltr'>duo</span> <span class='ocrx_word' id='word_1_36' title='bbox 860 853 1018 918; x_wconf 79' lang='lat' dir='ltr'>debitores</span> <span class='ocrx_word' id='word_1_37' title='bbox 1040 862 1132 920; x_wconf 90' lang='lat' dir='ltr'>erant</span> <span class='ocrx_word' id='word_1_38' title='bbox 1154 855 1278 920; x_wconf 87' lang='lat' dir='ltr'>cuidam</span> <span class='ocrx_word' id='word_1_39' title='bbox 1301 854 1472 920; x_wconf 79' lang='lat' dir='ltr'>feneratori</span> <span class='ocrx_word' id='word_1_40' title='bbox 1489 905 1495 918; x_wconf 93' lang='lat'><strong>.</strong></span> <span class='ocrx_word' id='word_1_41' title='bbox 1512 862 1548 921; x_wconf 87' lang='lat' dir='ltr'>et</span> 
     </span>
     <span class='ocr_line' id='line_1_5' title="bbox 418 938 1543 1027; baseline 0.002 -23"><span class='ocrx_word' id='word_1_42' title='bbox 418 962 501 1004; x_wconf 90' lang='lat' dir='ltr'>unus</span> <span class='ocrx_word' id='word_1_43' title='bbox 523 939 651 1027; x_wconf 83' lang='lat' dir='ltr'>quidem</span> <span class='ocrx_word' id='word_1_44' title='bbox 675 939 807 1004; x_wconf 89' lang='lat' dir='ltr'>debebat</span> <span class='ocrx_word' id='word_1_45' title='bbox 828 939 974 1004; x_wconf 89' lang='lat' dir='ltr'>denarios</span> <span class='ocrx_word' id='word_1_46' title='bbox 995 938 1185 1024; x_wconf 85' lang='lat' dir='ltr'>quingentos</span> <span class='ocrx_word' id='word_1_47' title='bbox 1206 941 1289 1006; x_wconf 91' lang='lat' dir='ltr'>alius</span> <span class='ocrx_word' id='word_1_48' title='bbox 1317 948 1422 1006; x_wconf 87' lang='lat' dir='ltr'>autem</span> <span class='ocrx_word' id='word_1_49' title='bbox 1453 941 1543 1025; x_wconf 93' lang='lat' dir='ltr'>quin·</span> 
     </span>
    </p>
   </div>
   <div class='ocr_carea' id='block_1_4' title="bbox 416 1025 1547 4612">
    <p class='ocr_par' dir='ltr' id='par_1_4' title="bbox 416 1025 1547 2305">
     <span class='ocr_line' id='line_1_6' title="bbox 418 1025 1546 1109; baseline 0 -19"><span class='ocrx_word' id='word_1_50' title='bbox 418 1025 579 1109; x_wconf 83' lang='lat' dir='ltr'>quaginta.</span> <span class='ocrx_word' id='word_1_51' title='bbox 623 1034 658 1088; x_wconf 77' lang='grc'>44</span> <span class='ocrx_word' id='word_1_52' title='bbox 680 1033 712 1089; x_wconf 90' lang='grc'>44</span> <span class='ocrx_word' id='word_1_53' title='bbox 734 1047 806 1089; x_wconf 87' lang='lat' dir='ltr'>cum</span> <span class='ocrx_word' id='word_1_54' title='bbox 828 1047 891 1089; x_wconf 92' lang='lat' dir='ltr'>non</span> <span class='ocrx_word' id='word_1_55' title='bbox 915 1025 1067 1090; x_wconf 87' lang='lat' dir='ltr'>haberent</span> <span class='ocrx_word' id='word_1_56' title='bbox 1095 1025 1181 1090; x_wconf 91' lang='lat' dir='ltr'>unde</span> <span class='ocrx_word' id='word_1_57' title='bbox 1206 1026 1366 1091; x_wconf 91' lang='lat' dir='ltr'>soluerent</span> <span class='ocrx_word' id='word_1_58' title='bbox 1394 1028 1546 1091; x_wconf 88' lang='lat' dir='ltr'>ambobus</span> 
     </span>
     <span class='ocr_line' id='line_1_7' title="bbox 418 1109 1545 1197; baseline 0.002 -22"><span class='ocrx_word' id='word_1_59' title='bbox 418 1111 549 1176; x_wconf 90' lang='lat' dir='ltr'>donauit</span> <span class='ocrx_word' id='word_1_60' title='bbox 572 1109 642 1195; x_wconf 91' lang='lat' dir='ltr'>quis</span> <span class='ocrx_word' id='word_1_61' title='bbox 665 1131 773 1174; x_wconf 89' lang='lat' dir='ltr'>eorum</span> <span class='ocrx_word' id='word_1_62' title='bbox 795 1110 961 1195; x_wconf 75' lang='lat' dir='ltr'>sumplus</span> <span class='ocrx_word' id='word_1_63' title='bbox 983 1119 1076 1174; x_wconf 88' lang='lat' dir='ltr'>amat.</span> <span class='ocrx_word' id='word_1_64' title='bbox 1121 1120 1156 1175; x_wconf 89' lang='lat'>43</span> <span class='ocrx_word' id='word_1_65' title='bbox 1185 1110 1362 1197; x_wconf 80' lang='lat' dir='ltr'>Respondit</span> <span class='ocrx_word' id='word_1_66' title='bbox 1388 1111 1490 1176; x_wconf 91' lang='lat' dir='ltr'>simon</span> <span class='ocrx_word' id='word_1_67' title='bbox 1512 1119 1545 1177; x_wconf 90' lang='lat' dir='ltr'>et</span> 
     </span>
     <span class='ocr_line' id='line_1_8' title="bbox 418 1193 1547 1281; baseline 0.001 -21"><span class='ocrx_word' id='word_1_68' title='bbox 418 1195 500 1261; x_wconf 80' lang='lat' dir='ltr'>dixit</span> <span class='ocrx_word' id='word_1_69' title='bbox 521 1195 568 1260; x_wconf 91' lang='lat' dir='ltr'>illi</span> <span class='ocrx_word' id='word_1_70' title='bbox 591 1202 668 1281; x_wconf 88' lang='lat' dir='ltr'>puto</span> <span class='ocrx_word' id='word_1_71' title='bbox 690 1195 740 1261; x_wconf 87' lang='lat' dir='ltr'>cui</span> <span class='ocrx_word' id='word_1_72' title='bbox 763 1196 834 1281; x_wconf 85' lang='lat' dir='ltr'>plus</span> <span class='ocrx_word' id='word_1_73' title='bbox 857 1193 989 1259; x_wconf 88' lang='lat' dir='ltr'>donauit</span> <span class='ocrx_word' id='word_1_74' title='bbox 1012 1244 1018 1256; x_wconf 92' lang='lat'>.</span> <span class='ocrx_word' id='word_1_75' title='bbox 1041 1195 1096 1260; x_wconf 90' lang='lat' dir='ltr'>ille</span> <span class='ocrx_word' id='word_1_76' title='bbox 1126 1205 1231 1261; x_wconf 89' lang='lat' dir='ltr'>autem</span> <span class='ocrx_word' id='word_1_77' title='bbox 1255 1195 1337 1261; x_wconf 86' lang='lat' dir='ltr'>dixit</span> <span class='ocrx_word' id='word_1_78' title='bbox 1358 1205 1442 1262; x_wconf 87' lang='lat' dir='ltr'>recte</span> <span class='ocrx_word' id='word_1_79' title='bbox 1465 1197 1547 1261; x_wconf 87' lang='lat' dir='ltr'>iudi·</span> 
     </span>
     <span class='ocr_line' id='line_1_9' title="bbox 418 1280 1547 1348; baseline 0.001 -2"><span class='ocrx_word' id='word_1_80' title='bbox 418 1281 504 1346; x_wconf 87' lang='lat' dir='ltr'>casti.</span> <span class='ocrx_word' id='word_1_81' title='bbox 549 1291 584 1344; x_wconf 88' lang='grc'>44</span> <span class='ocrx_word' id='word_1_82' title='bbox 606 1288 638 1345; x_wconf 90' lang='grc'>44</span> <span class='ocrx_word' id='word_1_83' title='bbox 660 1303 829 1346; x_wconf 85' lang='lat' dir='ltr'>conuersus</span> <span class='ocrx_word' id='word_1_84' title='bbox 853 1281 893 1344; x_wconf 89' lang='lat' dir='ltr'>ad</span> <span class='ocrx_word' id='word_1_85' title='bbox 914 1280 1079 1346; x_wconf 90' lang='lat' dir='ltr'>mulierem</span> <span class='ocrx_word' id='word_1_86' title='bbox 1103 1281 1185 1346; x_wconf 87' lang='lat' dir='ltr'>dixit</span> <span class='ocrx_word' id='word_1_87' title='bbox 1205 1281 1246 1346; x_wconf 90' lang='lat' dir='ltr'>ad</span> <span class='ocrx_word' id='word_1_88' title='bbox 1271 1284 1426 1346; x_wconf 90' lang='lat' dir='ltr'>simonem</span> <span class='ocrx_word' id='word_1_89' title='bbox 1455 1283 1547 1348; x_wconf 87' lang='lat' dir='ltr'>uides</span> 
     </span>
     <span class='ocr_line' id='line_1_10' title="bbox 416 1365 1543 1452; baseline -0.002 -19"><span class='ocrx_word' id='word_1_90' title='bbox 416 1368 510 1433; x_wconf 83' lang='lat' dir='ltr'>istam</span> <span class='ocrx_word' id='word_1_91' title='bbox 532 1365 698 1430; x_wconf 90' lang='lat' dir='ltr'>mulierem</span> <span class='ocrx_word' id='word_1_92' title='bbox 720 1366 893 1450; x_wconf 88' lang='lat' dir='ltr'>plorantem</span> <span class='ocrx_word' id='word_1_93' title='bbox 916 1365 1046 1431; x_wconf 86' lang='lat' dir='ltr'>introiui</span> <span class='ocrx_word' id='word_1_94' title='bbox 1069 1366 1102 1430; x_wconf 92' lang='lat' dir='ltr'>in</span> <span class='ocrx_word' id='word_1_95' title='bbox 1118 1367 1245 1432; x_wconf 88' lang='lat' dir='ltr'>domurn</span> <span class='ocrx_word' id='word_1_96' title='bbox 1265 1376 1353 1432; x_wconf 89' lang='lat' dir='ltr'>tuam</span> <span class='ocrx_word' id='word_1_97' title='bbox 1375 1375 1407 1432; x_wconf 89' lang='lat' dir='ltr'>et</span> <span class='ocrx_word' id='word_1_98' title='bbox 1429 1390 1543 1452; x_wconf 87' lang='lat' dir='ltr'>nquam</span> 
     </span>
     <span class='ocr_line' id='line_1_11' title="bbox 418 1450 1543 1536; baseline -0.001 -19"><span class='ocrx_word' id='word_1_99' title='bbox 418 1452 497 1517; x_wconf 90' lang='lat' dir='ltr'>mihi</span> <span class='ocrx_word' id='word_1_100' title='bbox 520 1451 559 1516; x_wconf 95' lang='lat' dir='ltr'>ad</span> <span class='ocrx_word' id='word_1_101' title='bbox 582 1451 677 1536; x_wconf 87' lang='lat' dir='ltr'>pedes</span> <span class='ocrx_word' id='word_1_102' title='bbox 699 1474 761 1516; x_wconf 91' lang='lat' dir='ltr'>non</span> <span class='ocrx_word' id='word_1_103' title='bbox 784 1450 899 1516; x_wconf 90' lang='lat' dir='ltr'>dedisti</span> <span class='ocrx_word' id='word_1_104' title='bbox 922 1451 1000 1517; x_wconf 88' lang='lat' dir='ltr'>haec</span> <span class='ocrx_word' id='word_1_105' title='bbox 1014 1462 1121 1516; x_wconf 90' lang='lat' dir='ltr'>antem</span> <span class='ocrx_word' id='word_1_106' title='bbox 1137 1452 1274 1518; x_wconf 78' lang='lat' dir='ltr'>lacrimis</span> <span class='ocrx_word' id='word_1_107' title='bbox 1289 1452 1355 1518; x_wconf 85' lang='lat' dir='ltr'>suis</span> <span class='ocrx_word' id='word_1_108' title='bbox 1370 1452 1450 1518; x_wconf 89' lang='lat' dir='ltr'>lauit</span> <span class='ocrx_word' id='word_1_109' title='bbox 1464 1453 1543 1517; x_wconf 91' lang='lat' dir='ltr'>mihi</span> 
     </span>
     <span class='ocr_line' id='line_1_12' title="bbox 418 1535 1544 1624; baseline 0.001 -22"><span class='ocrx_word' id='word_1_110' title='bbox 418 1538 513 1624; x_wconf 90' lang='lat' dir='ltr'>pedes</span> <span class='ocrx_word' id='word_1_111' title='bbox 536 1545 568 1602; x_wconf 90' lang='lat' dir='ltr'>et</span> <span class='ocrx_word' id='word_1_112' title='bbox 590 1535 712 1622; x_wconf 83' lang='lat' dir='ltr'>capillis</span> <span class='ocrx_word' id='word_1_113' title='bbox 742 1537 807 1602; x_wconf 91' lang='lat' dir='ltr'>suis</span> <span class='ocrx_word' id='word_1_114' title='bbox 834 1537 966 1601; x_wconf 88' lang='lat' dir='ltr'>extersit</span> <span class='ocrx_word' id='word_1_115' title='bbox 1008 1547 1043 1602; x_wconf 81' lang='lat'>45</span> <span class='ocrx_word' id='word_1_116' title='bbox 1071 1538 1213 1602; x_wconf 86' lang='lat' dir='ltr'>osculnm</span> <span class='ocrx_word' id='word_1_117' title='bbox 1242 1537 1322 1602; x_wconf 92' lang='lat' dir='ltr'>mihi</span> <span class='ocrx_word' id='word_1_118' title='bbox 1343 1560 1406 1602; x_wconf 93' lang='lat' dir='ltr'>non</span> <span class='ocrx_word' id='word_1_119' title='bbox 1429 1537 1544 1603; x_wconf 88' lang='lat' dir='ltr'>dedisti</span> 
     </span>
     <span class='ocr_line' id='line_1_13' title="bbox 417 1620 1543 1708; baseline 0.001 -22"><span class='ocrx_word' id='word_1_120' title='bbox 417 1624 495 1688; x_wconf 90' lang='lat' dir='ltr'>haec</span> <span class='ocrx_word' id='word_1_121' title='bbox 516 1628 622 1687; x_wconf 87' lang='lat' dir='ltr'>autem</span> <span class='ocrx_word' id='word_1_122' title='bbox 645 1645 762 1707; x_wconf 87' lang='lat' dir='ltr'>exque</span> <span class='ocrx_word' id='word_1_123' title='bbox 784 1620 929 1686; x_wconf 89' lang='lat' dir='ltr'>introiuit</span> <span class='ocrx_word' id='word_1_124' title='bbox 947 1645 1011 1686; x_wconf 87' lang='lat' dir='ltr'>non</span> <span class='ocrx_word' id='word_1_125' title='bbox 1033 1623 1204 1688; x_wconf 85' lang='lat' dir='ltr'>intermisit</span> <span class='ocrx_word' id='word_1_126' title='bbox 1224 1624 1320 1708; x_wconf 84' lang='lat' dir='ltr'>pedes</span> <span class='ocrx_word' id='word_1_127' title='bbox 1343 1645 1429 1688; x_wconf 91' lang='lat' dir='ltr'>meos</span> <span class='ocrx_word' id='word_1_128' title='bbox 1458 1645 1543 1688; x_wconf 87' lang='lat' dir='ltr'>osca-</span> 
     </span>
     <span class='ocr_line' id='line_1_14' title="bbox 417 1707 1546 1793; baseline -0.001 -20"><span class='ocrx_word' id='word_1_129' title='bbox 417 1709 510 1773; x_wconf 87' lang='lat' dir='ltr'>lando</span> <span class='ocrx_word' id='word_1_130' title='bbox 543 1718 577 1772; x_wconf 88' lang='grc'>46</span> <span class='ocrx_word' id='word_1_131' title='bbox 599 1708 668 1773; x_wconf 91' lang='lat' dir='ltr'>oleo</span> <span class='ocrx_word' id='word_1_132' title='bbox 690 1708 786 1793; x_wconf 88' lang='lat' dir='ltr'>pedes</span> <span class='ocrx_word' id='word_1_133' title='bbox 809 1730 895 1772; x_wconf 86' lang='lat' dir='ltr'>meos</span> <span class='ocrx_word' id='word_1_134' title='bbox 923 1730 987 1772; x_wconf 91' lang='lat' dir='ltr'>non</span> <span class='ocrx_word' id='word_1_135' title='bbox 1008 1707 1130 1773; x_wconf 90' lang='lat' dir='ltr'>unxisti</span> <span class='ocrx_word' id='word_1_136' title='bbox 1153 1709 1230 1773; x_wconf 88' lang='lat' dir='ltr'>haec</span> <span class='ocrx_word' id='word_1_137' title='bbox 1252 1716 1358 1774; x_wconf 88' lang='lat' dir='ltr'>autem</span> <span class='ocrx_word' id='word_1_138' title='bbox 1381 1719 1546 1792; x_wconf 87' lang='lat' dir='ltr'>unguento</span> 
     </span>
     <span class='ocr_line' id='line_1_15' title="bbox 418 1792 1544 1879; baseline 0 -21"><span class='ocrx_word' id='word_1_139' title='bbox 418 1793 519 1859; x_wconf 91' lang='lat' dir='ltr'>unxit.</span> <span class='ocrx_word' id='word_1_140' title='bbox 564 1803 598 1857; x_wconf 83' lang='grc'>47</span> <span class='ocrx_word' id='word_1_141' title='bbox 633 1793 767 1878; x_wconf 85' lang='lat' dir='ltr'>Propter</span> <span class='ocrx_word' id='word_1_142' title='bbox 780 1855 785 1860; x_wconf 85' lang='lat'><em>.</em></span> <span class='ocrx_word' id='word_1_143' title='bbox 798 1793 881 1877; x_wconf 93' lang='lat' dir='ltr'>quod</span> <span class='ocrx_word' id='word_1_144' title='bbox 910 1792 980 1858; x_wconf 90' lang='lat' dir='ltr'>dico</span> <span class='ocrx_word' id='word_1_145' title='bbox 1007 1792 1065 1857; x_wconf 91' lang='lat' dir='ltr'>tibi</span> <span class='ocrx_word' id='word_1_146' title='bbox 1096 1793 1298 1859; x_wconf 88' lang='lat' dir='ltr'>remittentur</span> <span class='ocrx_word' id='word_1_147' title='bbox 1331 1792 1380 1857; x_wconf 88' lang='lat' dir='ltr'>illi</span> <span class='ocrx_word' id='word_1_148' title='bbox 1415 1803 1544 1879; x_wconf 88' lang='lat' dir='ltr'>peccata</span> 
     </span>
     <span class='ocr_line' id='line_1_16' title="bbox 418 1877 1547 1963; baseline 0 -19"><span class='ocrx_word' id='word_1_149' title='bbox 418 1879 471 1944; x_wconf 88' lang='lat' dir='ltr'>cui</span> <span class='ocrx_word' id='word_1_150' title='bbox 499 1885 605 1944; x_wconf 89' lang='lat' dir='ltr'>autem</span> <span class='ocrx_word' id='word_1_151' title='bbox 628 1878 779 1963; x_wconf 87' lang='lat' dir='ltr'>pusillum</span> <span class='ocrx_word' id='word_1_152' title='bbox 810 1877 1016 1943; x_wconf 89' lang='lat' dir='ltr'>dimittuntur</span> <span class='ocrx_word' id='word_1_153' title='bbox 1043 1878 1150 1962; x_wconf 87' lang='lat' dir='ltr'>diligit</span> <span class='ocrx_word' id='word_1_154' title='bbox 1177 1879 1343 1945; x_wconf 88' lang='lat' dir='ltr'>modicum.</span> <span class='ocrx_word' id='word_1_155' title='bbox 1388 1888 1423 1944; x_wconf 86' lang='lat'>48</span> <span class='ocrx_word' id='word_1_156' title='bbox 1449 1879 1547 1944; x_wconf 89' lang='lat' dir='ltr'>Dixit</span> 
     </span>
     <span class='ocr_line' id='line_1_17' title="bbox 418 1961 1545 2050; baseline 0.001 -21"><span class='ocrx_word' id='word_1_157' title='bbox 418 1977 525 2030; x_wconf 88' lang='lat' dir='ltr'>autem</span> <span class='ocrx_word' id='word_1_158' title='bbox 548 1965 589 2028; x_wconf 89' lang='lat' dir='ltr'>ad</span> <span class='ocrx_word' id='word_1_159' title='bbox 609 1964 697 2028; x_wconf 90' lang='lat' dir='ltr'>illam</span> <span class='ocrx_word' id='word_1_160' title='bbox 721 1963 886 2028; x_wconf 89' lang='lat' dir='ltr'>mulierem</span> <span class='ocrx_word' id='word_1_161' title='bbox 912 1961 1043 2028; x_wconf 88' lang='lat' dir='ltr'>remissa</span> <span class='ocrx_word' id='word_1_162' title='bbox 1064 1975 1139 2028; x_wconf 92' lang='lat' dir='ltr'>sunt</span> <span class='ocrx_word' id='word_1_163' title='bbox 1172 1963 1230 2029; x_wconf 88' lang='lat' dir='ltr'>tibi</span> <span class='ocrx_word' id='word_1_164' title='bbox 1262 1970 1399 2050; x_wconf 89' lang='lat' dir='ltr'>peccata.</span> <span class='ocrx_word' id='word_1_165' title='bbox 1443 1973 1478 2028; x_wconf 86' lang='lat'>49</span> <span class='ocrx_word' id='word_1_166' title='bbox 1512 1975 1545 2030; x_wconf 89' lang='lat' dir='ltr'>et</span> 
     </span>
     <span class='ocr_line' id='line_1_18' title="bbox 417 2048 1544 2136; baseline 0 -21"><span class='ocrx_word' id='word_1_167' title='bbox 417 2054 589 2136; x_wconf 89' lang='lat' dir='ltr'>coeperunt</span> <span class='ocrx_word' id='word_1_168' title='bbox 619 2050 896 2114; x_wconf 82' lang='lat' dir='ltr'>conrecumbentes</span> <span class='ocrx_word' id='word_1_169' title='bbox 930 2048 1035 2114; x_wconf 89' lang='lat' dir='ltr'>dicere</span> <span class='ocrx_word' id='word_1_170' title='bbox 1057 2049 1141 2134; x_wconf 88' lang='lat' dir='ltr'>apud</span> <span class='ocrx_word' id='word_1_171' title='bbox 1163 2071 1197 2114; x_wconf 91' lang='lat' dir='ltr'>se</span> <span class='ocrx_word' id='word_1_172' title='bbox 1218 2049 1302 2133; x_wconf 86' lang='lat' dir='ltr'>ipsos</span> <span class='ocrx_word' id='word_1_173' title='bbox 1325 2049 1398 2136; x_wconf 92' lang='lat' dir='ltr'>quis</span> <span class='ocrx_word' id='word_1_174' title='bbox 1420 2059 1468 2114; x_wconf 85' lang='lat' dir='ltr'>est</span> <span class='ocrx_word' id='word_1_175' title='bbox 1490 2049 1544 2115; x_wconf 91' lang='lat' dir='ltr'>hic</span> 
     </span>
     <span class='ocr_line' id='line_1_19' title="bbox 417 2133 1543 2220; baseline -0.001 -20"><span class='ocrx_word' id='word_1_176' title='bbox 417 2135 528 2218; x_wconf 89' lang='lat' dir='ltr'>quiet</span> <span class='ocrx_word' id='word_1_177' title='bbox 556 2139 683 2220; x_wconf 87' lang='lat' dir='ltr'>peccata</span> <span class='ocrx_word' id='word_1_178' title='bbox 712 2134 864 2199; x_wconf 84' lang='lat' dir='ltr'>demittet.</span> <span class='ocrx_word' id='word_1_179' title='bbox 909 2145 944 2198; x_wconf 81' lang='lat'>50</span> <span class='ocrx_word' id='word_1_180' title='bbox 972 2133 1067 2199; x_wconf 84' lang='lat' dir='ltr'>Dixit</span> <span class='ocrx_word' id='word_1_181' title='bbox 1095 2143 1200 2200; x_wconf 86' lang='lat' dir='ltr'>autem</span> <span class='ocrx_word' id='word_1_182' title='bbox 1228 2136 1279 2199; x_wconf 82' lang='lat' dir='ltr'>ihs</span> <span class='ocrx_word' id='word_1_183' title='bbox 1308 2142 1348 2200; x_wconf 87' lang='lat' dir='ltr'>ad</span> <span class='ocrx_word' id='word_1_184' title='bbox 1377 2134 1543 2199; x_wconf 87' lang='lat' dir='ltr'>mulierem</span> 
     </span>
     <span class='ocr_line' id='line_1_20' title="bbox 416 2219 1088 2305; baseline -0.003 -21"><span class='ocrx_word' id='word_1_185' title='bbox 416 2221 494 2286; x_wconf 90' lang='lat' dir='ltr'>fides</span> <span class='ocrx_word' id='word_1_186' title='bbox 516 2226 571 2285; x_wconf 85' lang='lat' dir='ltr'>tua</span> <span class='ocrx_word' id='word_1_187' title='bbox 593 2229 624 2285; x_wconf 90' lang='lat' dir='ltr'>te</span> <span class='ocrx_word' id='word_1_188' title='bbox 647 2220 782 2284; x_wconf 87' lang='lat' dir='ltr'>salbaait</span> <span class='ocrx_word' id='word_1_189' title='bbox 802 2220 929 2284; x_wconf 87' lang='lat' dir='ltr'>ambula</span> <span class='ocrx_word' id='word_1_190' title='bbox 948 2219 981 2283; x_wconf 93' lang='lat' dir='ltr'>in</span> <span class='ocrx_word' id='word_1_191' title='bbox 1003 2242 1088 2305; x_wconf 84' lang='lat' dir='ltr'>pace.</span> 
     </span>
    </p>

    <p class='ocr_par' dir='ltr' id='par_1_5' title="bbox 416 2304 1546 4612">
     <span class='ocr_line' id='line_1_21' title="bbox 504 2304 1546 2391; baseline -0.001 -20"><span class='ocrx_word' id='word_1_192' title='bbox 504 2305 601 2371; x_wconf 86' lang='lat' dir='ltr'><strong>VIII.</strong></span> <span class='ocrx_word' id='word_1_193' title='bbox 647 2317 662 2368; x_wconf 91' lang='lat'>1</span> <span class='ocrx_word' id='word_1_194' title='bbox 692 2305 736 2369; x_wconf 86' lang='lat' dir='ltr'>Et</span> <span class='ocrx_word' id='word_1_195' title='bbox 763 2304 882 2370; x_wconf 88' lang='lat' dir='ltr'>factum</span> <span class='ocrx_word' id='word_1_196' title='bbox 910 2309 958 2368; x_wconf 84' lang='grc'>444</span> <span class='ocrx_word' id='word_1_197' title='bbox 985 2304 1018 2368; x_wconf 94' lang='lat' dir='ltr'>in</span> <span class='ocrx_word' id='word_1_198' title='bbox 1047 2305 1192 2390; x_wconf 84' lang='lat' dir='ltr'>sequenti</span> <span class='ocrx_word' id='word_1_199' title='bbox 1221 2305 1460 2390; x_wconf 83' lang='lat' dir='ltr'>perambulabat</span> <span class='ocrx_word' id='word_1_200' title='bbox 1487 2329 1546 2391; x_wconf 84' lang='lat' dir='ltr'>per</span> 
     </span>
     <span class='ocr_line' id='line_1_22' title="bbox 418 2389 1541 2476; baseline -0.002 -20"><span class='ocrx_word' id='word_1_201' title='bbox 418 2389 563 2456; x_wconf 87' lang='lat' dir='ltr'>ciuitates</span> <span class='ocrx_word' id='word_1_202' title='bbox 593 2399 625 2455; x_wconf 92' lang='lat' dir='ltr'>et</span> <span class='ocrx_word' id='word_1_203' title='bbox 652 2390 779 2455; x_wconf 89' lang='lat' dir='ltr'>castella</span> <span class='ocrx_word' id='word_1_204' title='bbox 809 2389 995 2476; x_wconf 87' lang='lat' dir='ltr'>praedicans</span> <span class='ocrx_word' id='word_1_205' title='bbox 1018 2396 1049 2455; x_wconf 86' lang='lat' dir='ltr'>et</span> <span class='ocrx_word' id='word_1_206' title='bbox 1071 2390 1303 2471; x_wconf 88' lang='lat' dir='ltr'>benenuntians</span> <span class='ocrx_word' id='word_1_207' title='bbox 1323 2414 1457 2475; x_wconf 85' lang='lat' dir='ltr'>regnum</span> <span class='ocrx_word' id='word_1_208' title='bbox 1480 2393 1511 2455; x_wconf 85' lang='lat' dir='ltr'>di</span> <span class='ocrx_word' id='word_1_209' title='bbox 1534 2441 1541 2454; x_wconf 90' lang='lat'><strong>.</strong></span> 
     </span>
     <span class='ocr_line' id='line_1_23' title="bbox 418 2475 1541 2561; baseline -0.002 -20"><span class='ocrx_word' id='word_1_210' title='bbox 418 2485 450 2541; x_wconf 90' lang='grc'>44</span> <span class='ocrx_word' id='word_1_211' title='bbox 471 2475 519 2540; x_wconf 92' lang='lat' dir='ltr'>illi</span> <span class='ocrx_word' id='word_1_212' title='bbox 541 2476 706 2540; x_wconf 90' lang='lat' dir='ltr'>duodecim</span> <span class='ocrx_word' id='word_1_213' title='bbox 728 2498 800 2539; x_wconf 89' lang='lat' dir='ltr'>cum</span> <span class='ocrx_word' id='word_1_214' title='bbox 822 2475 877 2540; x_wconf 91' lang='lat' dir='ltr'>illo</span> <span class='ocrx_word' id='word_1_215' title='bbox 909 2486 927 2538; x_wconf 77' lang='lat'><strong>2</strong></span> <span class='ocrx_word' id='word_1_216' title='bbox 949 2484 981 2540; x_wconf 91' lang='lat' dir='ltr'>et</span> <span class='ocrx_word' id='word_1_217' title='bbox 1002 2475 1151 2540; x_wconf 86' lang='lat' dir='ltr'>mulieres</span> <span class='ocrx_word' id='word_1_218' title='bbox 1173 2476 1326 2560; x_wconf 88' lang='lat' dir='ltr'>quaedam</span> <span class='ocrx_word' id='word_1_219' title='bbox 1351 2499 1432 2561; x_wconf 82' lang='lat' dir='ltr'>quae</span> <span class='ocrx_word' id='word_1_220' title='bbox 1453 2488 1541 2541; x_wconf 88' lang='lat' dir='ltr'>erant</span> 
     </span>
     <span class='ocr_line' id='line_1_24' title="bbox 418 2560 1541 2646; baseline -0.001 -21"><span class='ocrx_word' id='word_1_221' title='bbox 418 2573 544 2626; x_wconf 86' lang='lat' dir='ltr'>curatae</span> <span class='ocrx_word' id='word_1_222' title='bbox 573 2562 611 2625; x_wconf 89' lang='lat' dir='ltr'>ab</span> <span class='ocrx_word' id='word_1_223' title='bbox 645 2560 806 2646; x_wconf 85' lang='lat' dir='ltr'>spiritibus</span> <span class='ocrx_word' id='word_1_224' title='bbox 836 2561 957 2625; x_wconf 88' lang='lat' dir='ltr'>malis.</span> <span class='ocrx_word' id='word_1_225' title='bbox 982 2571 1013 2626; x_wconf 90' lang='lat' dir='ltr'>et</span> <span class='ocrx_word' id='word_1_226' title='bbox 1041 2560 1277 2626; x_wconf 87' lang='lat' dir='ltr'>infirmitatibus</span> <span class='ocrx_word' id='word_1_227' title='bbox 1302 2613 1308 2624; x_wconf 93' lang='lat'>.</span> <span class='ocrx_word' id='word_1_228' title='bbox 1332 2562 1431 2626; x_wconf 88' lang='lat' dir='ltr'>maria</span> <span class='ocrx_word' id='word_1_229' title='bbox 1461 2584 1541 2644; x_wconf 88' lang='lat' dir='ltr'>quae</span> 
     </span>
     <span class='ocr_line' id='line_1_25' title="bbox 417 2645 1540 2731; baseline -0.001 -21"><span class='ocrx_word' id='word_1_230' title='bbox 417 2648 588 2711; x_wconf 87' lang='lat' dir='ltr'>uocabatur</span> <span class='ocrx_word' id='word_1_231' title='bbox 618 2647 801 2730; x_wconf 86' lang='lat' dir='ltr'>magdalene</span> <span class='ocrx_word' id='word_1_232' title='bbox 830 2670 868 2710; x_wconf 89' lang='lat' dir='ltr'>ex</span> <span class='ocrx_word' id='word_1_233' title='bbox 892 2667 956 2731; x_wconf 89' lang='lat' dir='ltr'>qua</span> <span class='ocrx_word' id='word_1_234' title='bbox 978 2645 1122 2711; x_wconf 83' lang='lat' dir='ltr'>exierant</span> <span class='ocrx_word' id='word_1_235' title='bbox 1143 2646 1308 2711; x_wconf 88' lang='lat' dir='ltr'>daemonia</span> <span class='ocrx_word' id='word_1_236' title='bbox 1330 2655 1427 2731; x_wconf 87' lang='lat' dir='ltr'>septe.</span> <span class='ocrx_word' id='word_1_237' title='bbox 1469 2658 1486 2710; x_wconf 87' lang='lat'><strong>3</strong></span> <span class='ocrx_word' id='word_1_238' title='bbox 1507 2654 1540 2710; x_wconf 89' lang='lat' dir='ltr'>et</span> 
     </span>
     <span class='ocr_line' id='line_1_26' title="bbox 417 2730 1539 2817; baseline -0.002 -20"><span class='ocrx_word' id='word_1_239' title='bbox 417 2732 554 2797; x_wconf 82' lang='lat' dir='ltr'>iohanne</span> <span class='ocrx_word' id='word_1_240' title='bbox 580 2754 660 2796; x_wconf 91' lang='lat' dir='ltr'>uxor</span> <span class='ocrx_word' id='word_1_241' title='bbox 688 2754 781 2796; x_wconf 87' lang='lat' dir='ltr'>cusae</span> <span class='ocrx_word' id='word_1_242' title='bbox 809 2732 1018 2817; x_wconf 84' lang='lat' dir='ltr'>procuratoris</span> <span class='ocrx_word' id='word_1_243' title='bbox 1040 2732 1165 2797; x_wconf 90' lang='lat' dir='ltr'>herodis</span> <span class='ocrx_word' id='word_1_244' title='bbox 1186 2739 1219 2796; x_wconf 89' lang='lat' dir='ltr'>et</span> <span class='ocrx_word' id='word_1_245' title='bbox 1237 2755 1393 2798; x_wconf 88' lang='lat' dir='ltr'>susannae</span> <span class='ocrx_word' id='word_1_246' title='bbox 1415 2738 1445 2796; x_wconf 93' lang='lat' dir='ltr'>et</span> <span class='ocrx_word' id='word_1_247' title='bbox 1459 2730 1539 2795; x_wconf 84' lang='lat' dir='ltr'>aliae</span> 
     </span>
     <span class='ocr_line' id='line_1_27' title="bbox 418 2816 1541 2902; baseline -0.002 -20"><span class='ocrx_word' id='word_1_248' title='bbox 418 2817 535 2882; x_wconf 88' lang='lat' dir='ltr'>multae</span> <span class='ocrx_word' id='word_1_249' title='bbox 567 2840 649 2902; x_wconf 87' lang='lat' dir='ltr'>quae</span> <span class='ocrx_word' id='word_1_250' title='bbox 677 2817 723 2882; x_wconf 91' lang='lat' dir='ltr'>eis</span> <span class='ocrx_word' id='word_1_251' title='bbox 755 2818 976 2882; x_wconf 87' lang='lat' dir='ltr'>ministrabant</span> <span class='ocrx_word' id='word_1_252' title='bbox 1005 2817 1043 2882; x_wconf 93' lang='lat' dir='ltr'>de</span> <span class='ocrx_word' id='word_1_253' title='bbox 1065 2816 1266 2882; x_wconf 90' lang='lat' dir='ltr'>facultatibus</span> <span class='ocrx_word' id='word_1_254' title='bbox 1294 2818 1369 2882; x_wconf 90' lang='lat' dir='ltr'>suis.</span> <span class='ocrx_word' id='word_1_255' title='bbox 1413 2827 1431 2880; x_wconf 87' lang='lat'>4</span> <span class='ocrx_word' id='word_1_256' title='bbox 1458 2817 1541 2881; x_wconf 80' lang='lat' dir='ltr'>(lum</span> 
     </span>
     <span class='ocr_line' id='line_1_28' title="bbox 417 2901 1543 2988; baseline -0.002 -21"><span class='ocrx_word' id='word_1_257' title='bbox 417 2903 557 2967; x_wconf 88' lang='lat' dir='ltr'>uenisset</span> <span class='ocrx_word' id='word_1_258' title='bbox 585 2910 691 2968; x_wconf 91' lang='lat' dir='ltr'>autem</span> <span class='ocrx_word' id='word_1_259' title='bbox 720 2903 811 2967; x_wconf 90' lang='lat' dir='ltr'>turba</span> <span class='ocrx_word' id='word_1_260' title='bbox 839 2925 953 2987; x_wconf 89' lang='lat' dir='ltr'>magna</span> <span class='ocrx_word' id='word_1_261' title='bbox 977 2950 984 2965; x_wconf 92' lang='lat'><strong>.</strong></span> <span class='ocrx_word' id='word_1_262' title='bbox 1007 2909 1040 2967; x_wconf 90' lang='lat' dir='ltr'>et</span> <span class='ocrx_word' id='word_1_263' title='bbox 1065 2902 1111 2966; x_wconf 92' lang='lat' dir='ltr'>hii</span> <span class='ocrx_word' id='word_1_264' title='bbox 1140 2901 1196 2988; x_wconf 90' lang='lat' dir='ltr'>qui</span> <span class='ocrx_word' id='word_1_265' title='bbox 1222 2903 1261 2966; x_wconf 94' lang='lat' dir='ltr'>de</span> <span class='ocrx_word' id='word_1_266' title='bbox 1289 2902 1470 2967; x_wconf 85' lang='lat' dir='ltr'>ciuitatibus</span> <span class='ocrx_word' id='word_1_267' title='bbox 1492 2901 1543 2965; x_wconf 90' lang='lat' dir='ltr'>ad·</span> 
     </span>
     <span class='ocr_line' id='line_1_29' title="bbox 417 2986 1544 3053; baseline -0.002 -1"><span class='ocrx_word' id='word_1_268' title='bbox 417 2998 571 3052; x_wconf 90' lang='lat' dir='ltr'>uenerant</span> <span class='ocrx_word' id='word_1_269' title='bbox 593 2988 633 3053; x_wconf 89' lang='lat' dir='ltr'>ad</span> <span class='ocrx_word' id='word_1_270' title='bbox 655 3011 737 3052; x_wconf 88' lang='lat' dir='ltr'>eum.</span> <span class='ocrx_word' id='word_1_271' title='bbox 782 2987 876 3052; x_wconf 87' lang='lat' dir='ltr'>Dixit</span> <span class='ocrx_word' id='word_1_272' title='bbox 898 2987 1139 3052; x_wconf 86' lang='lat' dir='ltr'>similitudinem</span> <span class='ocrx_word' id='word_1_273' title='bbox 1161 2988 1258 3052; x_wconf 91' lang='lat' dir='ltr'>talem</span> <span class='ocrx_word' id='word_1_274' title='bbox 1301 2999 1419 3052; x_wconf 81' lang='grc'>54444</span> <span class='ocrx_word' id='word_1_275' title='bbox 1441 2986 1544 3052; x_wconf 83' lang='lat' dir='ltr'>exiuit</span> 
     </span>
     <span class='ocr_line' id='line_1_30' title="bbox 417 3071 1544 3138; baseline -0.003 0"><span class='ocrx_word' id='word_1_276' title='bbox 417 3073 576 3138; x_wconf 86' lang='lat' dir='ltr'>seminans</span> <span class='ocrx_word' id='word_1_277' title='bbox 591 3073 756 3138; x_wconf 86' lang='lat' dir='ltr'>seminare</span> <span class='ocrx_word' id='word_1_278' title='bbox 779 3096 886 3138; x_wconf 88' lang='lat' dir='ltr'>semen</span> <span class='ocrx_word' id='word_1_279' title='bbox 910 3097 1002 3137; x_wconf 90' lang='lat' dir='ltr'>sunm</span> <span class='ocrx_word' id='word_1_280' title='bbox 1025 3083 1058 3138; x_wconf 91' lang='grc'>44</span> <span class='ocrx_word' id='word_1_281' title='bbox 1079 3073 1113 3137; x_wconf 91' lang='lat' dir='ltr'>in</span> <span class='ocrx_word' id='word_1_282' title='bbox 1135 3074 1317 3138; x_wconf 88' lang='lat' dir='ltr'>seminando</span> <span class='ocrx_word' id='word_1_283' title='bbox 1339 3072 1426 3137; x_wconf 91' lang='lat' dir='ltr'>aliud</span> <span class='ocrx_word' id='word_1_284' title='bbox 1448 3071 1544 3137; x_wconf 89' lang='lat' dir='ltr'>caeci·</span> 
     </span>
     <span class='ocr_line' id='line_1_31' title="bbox 417 3158 1546 3244; baseline 0 -22"><span class='ocrx_word' id='word_1_285' title='bbox 417 3158 464 3224; x_wconf 91' lang='lat' dir='ltr'>dit</span> <span class='ocrx_word' id='word_1_286' title='bbox 492 3160 531 3223; x_wconf 90' lang='lat' dir='ltr'>ad</span> <span class='ocrx_word' id='word_1_287' title='bbox 554 3159 639 3223; x_wconf 87' lang='lat' dir='ltr'>uiam</span> <span class='ocrx_word' id='word_1_288' title='bbox 669 3169 702 3223; x_wconf 92' lang='grc'>44</span> <span class='ocrx_word' id='word_1_289' title='bbox 730 3158 946 3224; x_wconf 86' lang='lat' dir='ltr'>conculcatum</span> <span class='ocrx_word' id='word_1_290' title='bbox 969 3165 1017 3224; x_wconf 88' lang='lat' dir='ltr'>est</span> <span class='ocrx_word' id='word_1_291' title='bbox 1046 3167 1077 3224; x_wconf 88' lang='lat' dir='ltr'>ot</span> <span class='ocrx_word' id='word_1_292' title='bbox 1105 3158 1249 3223; x_wconf 90' lang='lat' dir='ltr'>uolucres</span> <span class='ocrx_word' id='word_1_293' title='bbox 1281 3164 1546 3244; x_wconf 87' lang='lat' dir='ltr'>consumpserunt</span> 
     </span>
     <span class='ocr_line' id='line_1_32' title="bbox 416 3243 1542 3329; baseline -0.002 -20"><span class='ocrx_word' id='word_1_294' title='bbox 416 3245 504 3310; x_wconf 91' lang='lat' dir='ltr'>illud.</span> <span class='ocrx_word' id='word_1_295' title='bbox 550 3256 567 3309; x_wconf 87' lang='lat'>6</span> <span class='ocrx_word' id='word_1_296' title='bbox 599 3250 631 3309; x_wconf 91' lang='lat' dir='ltr'>et</span> <span class='ocrx_word' id='word_1_297' title='bbox 664 3244 743 3309; x_wconf 89' lang='lat' dir='ltr'>aliut</span> <span class='ocrx_word' id='word_1_298' title='bbox 773 3244 805 3308; x_wconf 90' lang='lat' dir='ltr'>in</span> <span class='ocrx_word' id='word_1_299' title='bbox 840 3253 960 3329; x_wconf 85' lang='lat' dir='ltr'>petram</span> <span class='ocrx_word' id='word_1_300' title='bbox 990 3256 1053 3308; x_wconf 90' lang='lat' dir='ltr'>.et</span> <span class='ocrx_word' id='word_1_301' title='bbox 1085 3267 1156 3309; x_wconf 92' lang='lat' dir='ltr'>cum</span> <span class='ocrx_word' id='word_1_302' title='bbox 1182 3244 1400 3310; x_wconf 83' lang='lat' dir='ltr'>fructificasset</span> <span class='ocrx_word' id='word_1_303' title='bbox 1427 3243 1542 3308; x_wconf 87' lang='lat' dir='ltr'>aruit.</span> 
     </span>
     <span class='ocr_line' id='line_1_33' title="bbox 417 3327 1543 3416; baseline -0.002 -23"><span class='ocrx_word' id='word_1_304' title='bbox 417 3337 584 3416; x_wconf 86' lang='lat' dir='ltr'>propterea</span> <span class='ocrx_word' id='word_1_305' title='bbox 612 3330 695 3414; x_wconf 93' lang='lat' dir='ltr'>quod</span> <span class='ocrx_word' id='word_1_306' title='bbox 723 3352 786 3394; x_wconf 89' lang='lat' dir='ltr'>non</span> <span class='ocrx_word' id='word_1_307' title='bbox 813 3329 943 3394; x_wconf 87' lang='lat' dir='ltr'>haberet</span> <span class='ocrx_word' id='word_1_308' title='bbox 972 3330 1135 3394; x_wconf 90' lang='lat' dir='ltr'>humorem</span> <span class='ocrx_word' id='word_1_309' title='bbox 1180 3340 1196 3393; x_wconf 80' lang='grc'><strong>7</strong></span> <span class='ocrx_word' id='word_1_310' title='bbox 1225 3341 1257 3393; x_wconf 89' lang='grc'>44</span> <span class='ocrx_word' id='word_1_311' title='bbox 1279 3329 1359 3394; x_wconf 88' lang='lat' dir='ltr'>aliut</span> <span class='ocrx_word' id='word_1_312' title='bbox 1380 3328 1415 3392; x_wconf 88' lang='lat' dir='ltr'>in</span> <span class='ocrx_word' id='word_1_313' title='bbox 1438 3327 1543 3393; x_wconf 91' lang='lat' dir='ltr'>medio</span> 
     </span>
     <span class='ocr_line' id='line_1_34' title="bbox 417 3413 1540 3502; baseline -0.005 -22"><span class='ocrx_word' id='word_1_314' title='bbox 417 3415 578 3502; x_wconf 90' lang='lat' dir='ltr'>spinarum</span> <span class='ocrx_word' id='word_1_315' title='bbox 608 3424 640 3479; x_wconf 89' lang='lat' dir='ltr'>et</span> <span class='ocrx_word' id='word_1_316' title='bbox 668 3413 762 3480; x_wconf 86' lang='lat' dir='ltr'>simul</span> <span class='ocrx_word' id='word_1_317' title='bbox 789 3425 883 3480; x_wconf 87' lang='lat' dir='ltr'>natae</span> <span class='ocrx_word' id='word_1_318' title='bbox 911 3421 985 3480; x_wconf 90' lang='lat' dir='ltr'>sunt</span> <span class='ocrx_word' id='word_1_319' title='bbox 1011 3414 1121 3501; x_wconf 87' lang='lat' dir='ltr'>spinae</span> <span class='ocrx_word' id='word_1_320' title='bbox 1143 3423 1176 3479; x_wconf 91' lang='lat' dir='ltr'>et</span> <span class='ocrx_word' id='word_1_321' title='bbox 1196 3415 1430 3480; x_wconf 85' lang='lat' dir='ltr'>suffocauerunt</span> <span class='ocrx_word' id='word_1_322' title='bbox 1451 3413 1540 3479; x_wconf 90' lang='lat' dir='ltr'>illud.</span> 
     </span>
     <span class='ocr_line' id='line_1_35' title="bbox 417 3498 1542 3585; baseline -0.003 -20"><span class='ocrx_word' id='word_1_323' title='bbox 417 3513 432 3565; x_wconf 82' lang='lat'><strong>7</strong></span> <span class='ocrx_word' id='word_1_324' title='bbox 455 3509 487 3566; x_wconf 92' lang='lat' dir='ltr'>et</span> <span class='ocrx_word' id='word_1_325' title='bbox 509 3501 589 3565; x_wconf 91' lang='lat' dir='ltr'>aliut</span> <span class='ocrx_word' id='word_1_326' title='bbox 611 3500 743 3565; x_wconf 83' lang='lat' dir='ltr'>caecidit</span> <span class='ocrx_word' id='word_1_327' title='bbox 765 3500 797 3564; x_wconf 92' lang='lat' dir='ltr'>in</span> <span class='ocrx_word' id='word_1_328' title='bbox 821 3509 936 3566; x_wconf 85' lang='lat' dir='ltr'>terram</span> <span class='ocrx_word' id='word_1_329' title='bbox 960 3501 1074 3565; x_wconf 87' lang='lat' dir='ltr'>bonam</span> <span class='ocrx_word' id='word_1_330' title='bbox 1096 3509 1128 3564; x_wconf 89' lang='grc'>44</span> <span class='ocrx_word' id='word_1_331' title='bbox 1149 3499 1301 3585; x_wconf 88' lang='lat' dir='ltr'>optimam</span> <span class='ocrx_word' id='word_1_332' title='bbox 1324 3509 1356 3564; x_wconf 88' lang='lat' dir='ltr'>et</span> <span class='ocrx_word' id='word_1_333' title='bbox 1377 3498 1542 3564; x_wconf 88' lang='lat' dir='ltr'>fructifica-</span> 
     </span>
     <span class='ocr_line' id='line_1_36' title="bbox 417 3583 1543 3670; baseline -0.004 -19"><span class='ocrx_word' id='word_1_334' title='bbox 417 3586 465 3651; x_wconf 90' lang='lat' dir='ltr'>uit</span> <span class='ocrx_word' id='word_1_335' title='bbox 494 3592 526 3651; x_wconf 92' lang='lat' dir='ltr'>et</span> <span class='ocrx_word' id='word_1_336' title='bbox 554 3586 630 3651; x_wconf 83' lang='lat' dir='ltr'>fecit</span> <span class='ocrx_word' id='word_1_337' title='bbox 660 3586 797 3650; x_wconf 89' lang='lat' dir='ltr'>fructum</span> <span class='ocrx_word' id='word_1_338' title='bbox 827 3585 1019 3670; x_wconf 91' lang='lat' dir='ltr'>centuplum.</span> <span class='ocrx_word' id='word_1_339' title='bbox 1065 3586 1155 3653; x_wconf 88' lang='lat' dir='ltr'>Haec</span> <span class='ocrx_word' id='word_1_340' title='bbox 1177 3584 1284 3650; x_wconf 88' lang='lat' dir='ltr'>dicens</span> <span class='ocrx_word' id='word_1_341' title='bbox 1311 3584 1465 3650; x_wconf 88' lang='lat' dir='ltr'>clamabat</span> <span class='ocrx_word' id='word_1_342' title='bbox 1486 3583 1543 3667; x_wconf 89' lang='lat' dir='ltr'>qui</span> 
     </span>
     <span class='ocr_line' id='line_1_37' title="bbox 416 3668 1541 3754; baseline -0.004 -18"><span class='ocrx_word' id='word_1_343' title='bbox 416 3673 511 3737; x_wconf 90' lang='lat' dir='ltr'>habet</span> <span class='ocrx_word' id='word_1_344' title='bbox 537 3693 629 3736; x_wconf 84' lang='lat' dir='ltr'>aures</span> <span class='ocrx_word' id='word_1_345' title='bbox 655 3668 804 3735; x_wconf 88' lang='lat' dir='ltr'>audiendi</span> <span class='ocrx_word' id='word_1_346' title='bbox 833 3672 950 3736; x_wconf 86' lang='lat' dir='ltr'>audiat.</span> <span class='ocrx_word' id='word_1_347' title='bbox 995 3683 1012 3735; x_wconf 88' lang='grc'>9</span> <span class='ocrx_word' id='word_1_348' title='bbox 1047 3670 1288 3754; x_wconf 85' lang='lat' dir='ltr'>Interrogabant</span> <span class='ocrx_word' id='word_1_349' title='bbox 1315 3679 1420 3735; x_wconf 90' lang='lat' dir='ltr'>autem</span> <span class='ocrx_word' id='word_1_350' title='bbox 1450 3669 1541 3733; x_wconf 90' lang='lat' dir='ltr'>illum</span> 
     </span>
     <span class='ocr_line' id='line_1_38' title="bbox 417 3753 1543 3841; baseline -0.004 -19"><span class='ocrx_word' id='word_1_351' title='bbox 417 3757 572 3822; x_wconf 85' lang='lat' dir='ltr'>discentes</span> <span class='ocrx_word' id='word_1_352' title='bbox 595 3757 662 3821; x_wconf 90' lang='lat' dir='ltr'>eins</span> <span class='ocrx_word' id='word_1_353' title='bbox 685 3780 765 3841; x_wconf 89' lang='lat' dir='ltr'>quae</span> <span class='ocrx_word' id='word_1_354' title='bbox 788 3768 871 3822; x_wconf 85' lang='lat' dir='ltr'>esset</span> <span class='ocrx_word' id='word_1_355' title='bbox 892 3755 1066 3822; x_wconf 83' lang='lat' dir='ltr'>similitudo</span> <span class='ocrx_word' id='word_1_356' title='bbox 1087 3755 1157 3821; x_wconf 87' lang='lat' dir='ltr'>ista.</span> <span class='ocrx_word' id='word_1_357' title='bbox 1192 3767 1227 3820; x_wconf 89' lang='lat'>10</span> <span class='ocrx_word' id='word_1_358' title='bbox 1248 3756 1309 3820; x_wconf 93' lang='lat' dir='ltr'>Ille</span> <span class='ocrx_word' id='word_1_359' title='bbox 1331 3763 1436 3820; x_wconf 89' lang='lat' dir='ltr'>autem</span> <span class='ocrx_word' id='word_1_360' title='bbox 1460 3753 1543 3818; x_wconf 87' lang='lat' dir='ltr'>dixit</span> 
     </span>
     <span class='ocr_line' id='line_1_39' title="bbox 416 3839 1544 3926; baseline -0.003 -19"><span class='ocrx_word' id='word_1_361' title='bbox 416 3842 480 3908; x_wconf 91' lang='lat' dir='ltr'>illis</span> <span class='ocrx_word' id='word_1_362' title='bbox 502 3841 591 3908; x_wconf 89' lang='lat' dir='ltr'>uobis</span> <span class='ocrx_word' id='word_1_363' title='bbox 613 3843 722 3908; x_wconf 84' lang='lat' dir='ltr'>datum</span> <span class='ocrx_word' id='word_1_364' title='bbox 745 3847 793 3907; x_wconf 88' lang='lat' dir='ltr'>est</span> <span class='ocrx_word' id='word_1_365' title='bbox 807 3864 993 3925; x_wconf 87' lang='lat' dir='ltr'>cognoscere</span> <span class='ocrx_word' id='word_1_366' title='bbox 1007 3850 1236 3906; x_wconf 89' lang='lat' dir='ltr'>sacramentum</span> <span class='ocrx_word' id='word_1_367' title='bbox 1252 3841 1341 3926; x_wconf 91' lang='lat' dir='ltr'>regni</span> <span class='ocrx_word' id='word_1_368' title='bbox 1357 3841 1411 3905; x_wconf 88' lang='lat' dir='ltr'>di.</span> <span class='ocrx_word' id='word_1_369' title='bbox 1429 3839 1544 3905; x_wconf 88' lang='lat' dir='ltr'>ceteris</span> 
     </span>
     <span class='ocr_line' id='line_1_40' title="bbox 417 3926 1541 3993; baseline -0.004 0"><span class='ocrx_word' id='word_1_370' title='bbox 417 3933 522 3993; x_wconf 89' lang='lat' dir='ltr'>autern</span> <span class='ocrx_word' id='word_1_371' title='bbox 546 3950 609 3992; x_wconf 94' lang='lat' dir='ltr'>non</span> <span class='ocrx_word' id='word_1_372' title='bbox 631 3937 678 3993; x_wconf 89' lang='lat' dir='ltr'>est</span> <span class='ocrx_word' id='word_1_373' title='bbox 700 3927 809 3993; x_wconf 86' lang='lat' dir='ltr'>datum</span> <span class='ocrx_word' id='word_1_374' title='bbox 831 3927 893 3992; x_wconf 90' lang='lat' dir='ltr'>nisi</span> <span class='ocrx_word' id='word_1_375' title='bbox 915 3927 949 3991; x_wconf 94' lang='lat' dir='ltr'>in</span> <span class='ocrx_word' id='word_1_376' title='bbox 972 3926 1214 3991; x_wconf 87' lang='lat' dir='ltr'>similitudinem</span> <span class='ocrx_word' id='word_1_377' title='bbox 1243 3934 1279 3991; x_wconf 92' lang='lat' dir='ltr'>ut</span> <span class='ocrx_word' id='word_1_378' title='bbox 1306 3927 1451 3991; x_wconf 88' lang='lat' dir='ltr'>uidentes</span> <span class='ocrx_word' id='word_1_379' title='bbox 1477 3947 1541 3989; x_wconf 93' lang='lat' dir='ltr'>non</span> 
     </span>
     <span class='ocr_line' id='line_1_41' title="bbox 416 4009 1543 4096; baseline -0.004 -18"><span class='ocrx_word' id='word_1_380' title='bbox 416 4013 548 4078; x_wconf 91' lang='lat' dir='ltr'>uideant</span> <span class='ocrx_word' id='word_1_381' title='bbox 569 4019 600 4078; x_wconf 92' lang='grc'>44</span> <span class='ocrx_word' id='word_1_382' title='bbox 622 4012 787 4078; x_wconf 89' lang='lat' dir='ltr'>audientes</span> <span class='ocrx_word' id='word_1_383' title='bbox 802 4036 864 4078; x_wconf 91' lang='lat' dir='ltr'>non</span> <span class='ocrx_word' id='word_1_384' title='bbox 881 4013 1075 4096; x_wconf 88' lang='lat' dir='ltr'>intellegant.</span> <span class='ocrx_word' id='word_1_385' title='bbox 1111 4024 1143 4076; x_wconf 93' lang='lat'>11</span> <span class='ocrx_word' id='word_1_386' title='bbox 1165 4013 1225 4078; x_wconf 86' lang='lat' dir='ltr'>Est</span> <span class='ocrx_word' id='word_1_387' title='bbox 1240 4021 1345 4077; x_wconf 90' lang='lat' dir='ltr'>autem</span> <span class='ocrx_word' id='word_1_388' title='bbox 1368 4009 1543 4076; x_wconf 88' lang='lat' dir='ltr'>similitudo</span> 
     </span>
     <span class='ocr_line' id='line_1_42' title="bbox 418 4095 1542 4183; baseline -0.004 -21"><span class='ocrx_word' id='word_1_389' title='bbox 418 4100 495 4164; x_wconf 89' lang='lat' dir='ltr'>haec</span> <span class='ocrx_word' id='word_1_390' title='bbox 518 4121 625 4163; x_wconf 87' lang='lat' dir='ltr'>semen</span> <span class='ocrx_word' id='word_1_391' title='bbox 648 4104 696 4164; x_wconf 89' lang='lat' dir='ltr'>est</span> <span class='ocrx_word' id='word_1_392' title='bbox 717 4099 848 4163; x_wconf 91' lang='lat' dir='ltr'>uerbum</span> <span class='ocrx_word' id='word_1_393' title='bbox 872 4099 904 4162; x_wconf 90' lang='lat' dir='ltr'>di</span> <span class='ocrx_word' id='word_1_394' title='bbox 949 4109 982 4162; x_wconf 79' lang='lat'>12</span> <span class='ocrx_word' id='word_1_395' title='bbox 1004 4098 1087 4183; x_wconf 91' lang='lat' dir='ltr'>quod</span> <span class='ocrx_word' id='word_1_396' title='bbox 1110 4106 1216 4163; x_wconf 91' lang='lat' dir='ltr'>autem</span> <span class='ocrx_word' id='word_1_397' title='bbox 1239 4098 1278 4162; x_wconf 92' lang='lat' dir='ltr'>ad</span> <span class='ocrx_word' id='word_1_398' title='bbox 1300 4098 1386 4162; x_wconf 91' lang='lat' dir='ltr'>uiam</span> <span class='ocrx_word' id='word_1_399' title='bbox 1409 4095 1542 4162; x_wconf 87' lang='lat' dir='ltr'>semina-</span> 
     </span>
     <span class='ocr_line' id='line_1_43' title="bbox 417 4181 1541 4268; baseline -0.007 -18"><span class='ocrx_word' id='word_1_400' title='bbox 417 4191 483 4250; x_wconf 85' lang='lat' dir='ltr'>tum</span> <span class='ocrx_word' id='word_1_401' title='bbox 507 4188 556 4249; x_wconf 89' lang='lat' dir='ltr'>est</span> <span class='ocrx_word' id='word_1_402' title='bbox 576 4184 623 4248; x_wconf 93' lang='lat' dir='ltr'>hii</span> <span class='ocrx_word' id='word_1_403' title='bbox 646 4191 719 4248; x_wconf 90' lang='lat' dir='ltr'>sunt</span> <span class='ocrx_word' id='word_1_404' title='bbox 741 4184 796 4268; x_wconf 91' lang='lat' dir='ltr'>qui</span> <span class='ocrx_word' id='word_1_405' title='bbox 818 4183 952 4249; x_wconf 88' lang='lat' dir='ltr'>audiunt</span> <span class='ocrx_word' id='word_1_406' title='bbox 974 4185 1106 4248; x_wconf 89' lang='lat' dir='ltr'>uerbum</span> <span class='ocrx_word' id='word_1_407' title='bbox 1127 4183 1217 4248; x_wconf 89' lang='lat' dir='ltr'>uenit</span> <span class='ocrx_word' id='word_1_408' title='bbox 1238 4189 1345 4248; x_wconf 88' lang='lat' dir='ltr'>autem</span> <span class='ocrx_word' id='word_1_409' title='bbox 1367 4181 1510 4247; x_wconf 85' lang='lat' dir='ltr'>diabolus</span> <span class='ocrx_word' id='word_1_410' title='bbox 1533 4228 1541 4242; x_wconf 88' lang='lat'><strong>.</strong></span> 
     </span>
     <span class='ocr_line' id='line_1_44' title="bbox 417 4265 1543 4350; baseline -0.004 -16"><span class='ocrx_word' id='word_1_411' title='bbox 417 4279 449 4334; x_wconf 90' lang='lat' dir='ltr'>et</span> <span class='ocrx_word' id='word_1_412' title='bbox 471 4269 555 4334; x_wconf 90' lang='lat' dir='ltr'>tollit</span> <span class='ocrx_word' id='word_1_413' title='bbox 576 4270 615 4333; x_wconf 92' lang='lat' dir='ltr'>de</span> <span class='ocrx_word' id='word_1_414' title='bbox 638 4269 781 4334; x_wconf 89' lang='lat' dir='ltr'>cordibus</span> <span class='ocrx_word' id='word_1_415' title='bbox 805 4292 912 4334; x_wconf 90' lang='lat' dir='ltr'>eorum</span> <span class='ocrx_word' id='word_1_416' title='bbox 936 4292 977 4333; x_wconf 94' lang='lat' dir='ltr'>ne</span> <span class='ocrx_word' id='word_1_417' title='bbox 999 4270 1162 4334; x_wconf 85' lang='lat' dir='ltr'>credentes</span> <span class='ocrx_word' id='word_1_418' title='bbox 1184 4269 1356 4334; x_wconf 90' lang='lat' dir='ltr'>saluentur.</span> <span class='ocrx_word' id='word_1_419' title='bbox 1403 4279 1436 4331; x_wconf 90' lang='lat'>13</span> <span class='ocrx_word' id='word_1_420' title='bbox 1458 4265 1543 4350; x_wconf 91' lang='lat' dir='ltr'>quod</span> 
     </span>
     <span class='ocr_line' id='line_1_45' title="bbox 417 4352 1543 4441; baseline -0.005 -21"><span class='ocrx_word' id='word_1_421' title='bbox 417 4361 522 4420; x_wconf 86' lang='lat' dir='ltr'>autern</span> <span class='ocrx_word' id='word_1_422' title='bbox 544 4378 639 4441; x_wconf 89' lang='lat' dir='ltr'>super</span> <span class='ocrx_word' id='word_1_423' title='bbox 659 4362 781 4438; x_wconf 83' lang='lat' dir='ltr'>petram</span> <span class='ocrx_word' id='word_1_424' title='bbox 804 4355 857 4438; x_wconf 91' lang='lat' dir='ltr'>qui</span> <span class='ocrx_word' id='word_1_425' title='bbox 875 4378 946 4419; x_wconf 90' lang='lat' dir='ltr'>cum</span> <span class='ocrx_word' id='word_1_426' title='bbox 962 4354 1130 4420; x_wconf 88' lang='lat' dir='ltr'>audierunt</span> <span class='ocrx_word' id='word_1_427' title='bbox 1146 4377 1218 4419; x_wconf 90' lang='lat' dir='ltr'>cum</span> <span class='ocrx_word' id='word_1_428' title='bbox 1233 4355 1347 4438; x_wconf 91' lang='lat' dir='ltr'>gaudio</span> <span class='ocrx_word' id='word_1_429' title='bbox 1362 4352 1543 4439; x_wconf 89' lang='lat' dir='ltr'>percipiunt</span> 
     </span>
     <span class='ocr_line' id='line_1_46' title="bbox 417 4436 1541 4506; baseline -0.005 -1"><span class='ocrx_word' id='word_1_430' title='bbox 417 4442 549 4506; x_wconf 90' lang='lat' dir='ltr'>uerbum</span> <span class='ocrx_word' id='word_1_431' title='bbox 574 4447 605 4504; x_wconf 91' lang='lat' dir='ltr'>et</span> <span class='ocrx_word' id='word_1_432' title='bbox 632 4440 770 4504; x_wconf 88' lang='lat' dir='ltr'>radicem</span> <span class='ocrx_word' id='word_1_433' title='bbox 799 4463 863 4504; x_wconf 91' lang='lat' dir='ltr'>non</span> <span class='ocrx_word' id='word_1_434' title='bbox 885 4441 1003 4505; x_wconf 88' lang='lat' dir='ltr'>habent</span> <span class='ocrx_word' id='word_1_435' title='bbox 1026 4489 1032 4501; x_wconf 91' lang='lat'><em>.</em></span> <span class='ocrx_word' id='word_1_436' title='bbox 1057 4439 1105 4503; x_wconf 90' lang='lat' dir='ltr'>illi</span> <span class='ocrx_word' id='word_1_437' title='bbox 1128 4441 1275 4504; x_wconf 90' lang='lat' dir='ltr'>adoram</span> <span class='ocrx_word' id='word_1_438' title='bbox 1299 4439 1430 4504; x_wconf 85' lang='lat' dir='ltr'>credunt</span> <span class='ocrx_word' id='word_1_439' title='bbox 1453 4442 1485 4502; x_wconf 90' lang='grc'>44</span> <span class='ocrx_word' id='word_1_440' title='bbox 1507 4436 1541 4499; x_wconf 93' lang='lat' dir='ltr'>in</span> 
     </span>
     <span class='ocr_line' id='line_1_47' title="bbox 419 4520 1544 4612; baseline -0.005 -21"><span class='ocrx_word' id='word_1_441' title='bbox 419 4527 469 4592; x_wconf 92' lang='lat' dir='ltr'>die</span> <span class='ocrx_word' id='word_1_442' title='bbox 491 4525 726 4612; x_wconf 87' lang='lat' dir='ltr'>temptatioonis</span> <span class='ocrx_word' id='word_1_443' title='bbox 748 4526 899 4590; x_wconf 89' lang='lat' dir='ltr'>recedunt</span> <span class='ocrx_word' id='word_1_444' title='bbox 943 4535 976 4588; x_wconf 89' lang='grc'>14</span> <span class='ocrx_word' id='word_1_445' title='bbox 998 4525 1081 4610; x_wconf 93' lang='lat' dir='ltr'>quod</span> <span class='ocrx_word' id='word_1_446' title='bbox 1103 4534 1210 4589; x_wconf 89' lang='lat' dir='ltr'>autom</span> <span class='ocrx_word' id='word_1_447' title='bbox 1232 4525 1265 4589; x_wconf 92' lang='lat' dir='ltr'>in</span> <span class='ocrx_word' id='word_1_448' title='bbox 1288 4523 1388 4611; x_wconf 89' lang='lat' dir='ltr'>spinis</span> <span class='ocrx_word' id='word_1_449' title='bbox 1411 4520 1544 4588; x_wconf 86' lang='lat' dir='ltr'>caecidit</span> 
     </span>
    </p>
   </div>
   <div class='ocr_carea' id='block_1_5' title="bbox 0 0 1838 5284">
    <p class='ocr_par' dir='ltr' id='par_1_6' title="bbox 0 0 1838 5284">
     <span class='ocr_line' id='line_1_48' title="bbox 0 0 1838 5284; baseline 0 0"><span class='ocrx_word' id='word_1_450' title='bbox 0 0 1838 5284; x_wconf 95' lang='lat' dir='ltr'> </span> 
     </span>
    </p>
   </div>
  </div>
 </body>
</html>
