3667 5284
300 503 331 558 5.
352 509 373 557 1.
834 501 901 556 nus.
1032 457 1033 460 1
1385 504 1425 569 51

301 691 466 757 zachariae
505 697 537 756 55
574 689 724 756 551555515
762 689 902 756 51155555.
957 701 991 754 41
1030 691 1075 756 Et
1115 689 1233 756 factum
1271 697 1319 757 est
1352 715 1427 777 quo·

301 779 393 843 modo
422 776 546 842 audiuit
578 775 799 842 salutationem
828 775 947 840 mariae
976 774 1108 842 elisabet
1136 776 1293 843 exultauit
1322 775 1427 843 infans

301 863 335 926 in
358 870 448 928 utero
471 862 538 928 eius
561 867 593 927 et
614 861 745 947 impleta
766 866 814 926 555
836 861 895 947 spir
918 870 1026 928 sancto
1069 871 1103 925 42
1125 866 1157 926 et
1179 861 1328 926 clamauit
1350 885 1428 928 uoco
1541 918 1543 922 .

301 970 416 1032 magna
438 953 470 1012 et
492 946 582 1012 dixit.
627 946 803 1011 Benedicta
829 952 865 1011 tu
893 945 979 1011 inter
1006 946 1155 1012 mulieres
1186 954 1219 1011 55
1244 947 1429 1016 benedictus

302 1032 423 1098 fructus
445 1032 565 1098 uentris
588 1030 636 1096 tui
678 1041 713 1096 43
735 1041 768 1096 55
796 1031 880 1096 unde
907 1033 968 1097 hoc
998 1032 1077 1096 mihi
1108 1031 1240 1112 contigit
1261 1040 1297 1097 ut
1319 1032 1429 1098 ueniat

301 1126 402 1184 mater
424 1118 478 1182 dni
500 1117 564 1182 mei
586 1117 624 1181 ad
647 1139 707 1181 me.
752 1125 787 1179 44
808 1139 880 1182 ecce
902 1117 988 1182 enirn
1012 1117 1166 1202 quomodo
1189 1116 1341 1183 15555555
1363 1141 1427 1183 uox

302 1202 500 1272 salutationis
529 1210 603 1268 tuae
636 1201 669 1266 in
696 1225 788 1266 aures
816 1225 902 1267 meas
930 1202 1087 1268 exultauit
1115 1202 1220 1267 infans
1248 1203 1428 1269 1515551515

302 1290 334 1354 15
358 1294 448 1354 55555
469 1310 540 1352 meo
582 1297 617 1352 45
640 1291 672 1352 55
692 1288 785 1352 55555
807 1311 840 1352 55
862 1287 993 1352 credens
1020 1288 1096 1373 quia
1124 1290 1185 1352 erit
1213 1287 1364 1373 perfectio
1387 1289 1427 1353 de

301 1375 351 1439 his
375 1396 455 1459 quae
477 1373 561 1438 dicta
582 1377 657 1438 5555
678 1371 736 1437 5151
760 1395 778 1436 5
799 1373 872 1436 dno.
917 1383 951 1437 46
973 1374 1018 1439 Et
1036 1372 1119 1438 dixit
1132 1372 1232 1438 maria
1247 1373 1428 1458 magnificat

301 1458 406 1524 anima
428 1483 499 1525 mea
520 1458 580 1522 dns
623 1468 657 1522 47
680 1464 712 1523 55
733 1458 868 1523 15555555
891 1467 939 1523 555
953 1462 1007 1544 555
1021 1467 1111 1524 meus
1127 1481 1221 1544 55555
1235 1459 1275 1522 do
1290 1459 1427 1524 salutare
1477 1532 1478 1537 η

301 1568 371 1609 meo
412 1554 447 1609 48
470 1543 546 1628 quia
567 1542 707 1629 inspexit
728 1541 943 1608 humilitatem
959 1543 1092 1608 ancillae
1111 1566 1197 1608 5555.
1241 1545 1325 1609 Ecce
1342 1544 1427 1609 enim

300 1629 385 1694 enim
408 1653 449 1694 ex
469 1630 530 1694 hoc
551 1629 643 1693 beata
672 1651 724 1692 me
753 1629 863 1694 dicunt
888 1651 997 1694 omnes
1025 1629 1169 1694 nationes
1211 1639 1245 1694 49
1276 1630 1426 1714 quoniam

300 1715 376 1781 fecit
397 1715 477 1779 mihi
496 1714 655 1794 magnalia
676 1714 730 1779 ille
753 1719 863 1799 potens
886 1721 918 1778 et
939 1720 1083 1780 sanetum
1105 1737 1220 1780 nomen
1244 1714 1312 1780 eius
1344 1725 1426 1780 5055

299 1799 515 1865 misericordia
541 1799 610 1864 eius
638 1799 672 1863 in
701 1799 826 1864 saecula
852 1798 897 1864 515
927 1799 982 1884 qui
1008 1823 1081 1864 eum
1103 1805 1251 1866 metuunt
1293 1799 1427 1865 5115515

299 1885 519 1950 fortitudinem
555 1884 588 1948 in
619 1883 741 1950 braccio
773 1907 829 1949 suo
857 1884 1005 1970 dispersit
1036 1907 1171 1971 superno
1203 1907 1299 1950 sensu
1332 1887 1427 1951 corda

300 1970 427 2036 illorum
464 1981 497 2034 52
520 1969 677 2034 destruxit
698 1974 841 2054 potentes
863 1993 882 2034 a
904 1970 1030 2035 sedibus
1052 1985 1084 2035 et
1105 1968 1259 2035 exaltauit
1286 1971 1423 2036 humiles

300 2067 334 2121 53
371 2055 545 2120 esurientes
581 2055 728 2139 impleuit
763 2055 854 2119 bonis
891 2065 923 2120 55
958 2055 1130 2141 1555515555
1163 2054 1283 2120 dimisit
1315 2055 1426 2122 inanes

300 2151 335 2206 54
356 2139 531 2226 adsumpsit
552 2139 689 2204 isdrahel
711 2163 843 2226 puerum
859 2161 951 2206 suum
968 2147 1228 2206 commemoratus
1243 2149 1291 2206 est
1305 2141 1425 2206 miseri-

301 2226 521 2292 cordiae-suae
565 2235 598 2290 55
620 2225 702 2290 51555
727 2226 850 2291 1555555
872 2233 921 2291 555
949 2226 989 2290 ad
1014 2234 1119 2311 555555
1147 2233 1267 2292 5555555
1289 2228 1424 2292 abrahae

300 2317 332 2377 55
354 2309 468 2378 semini
489 2310 557 2375 eius
578 2309 613 2375 in
636 2320 807 2376 aeteruum.
853 2322 887 2375 56
910 2311 1077 2376 Remansit
1099 2319 1204 2377 antem
1227 2312 1326 2376 maria
1340 2313 1425 2398 apud
1448 2352 1449 2355 =

300 2396 387 2461 illam
416 2395 575 2461 mensibus
604 2396 704 2461 tribus
733 2405 765 2461 et
793 2403 869 2460 5555
898 2419 1025 2462 5555555
1054 2407 1102 2463 est
1127 2399 1162 2461 in
1184 2398 1312 2461 domum
1335 2420 1425 2462 suam

299 2494 332 2547 57
355 2481 485 2551 51155555
507 2491 612 2546 autem
637 2482 773 2566 templus
792 2481 959 2567 impletum
981 2486 1028 2547 est
1050 2487 1086 2547 55
1104 2483 1223 2567 5551555
1248 2494 1280 2548 55
1300 2482 1424 2568 peperit

298 2567 399 2632 filium
421 2578 455 2632 58
470 2571 501 2631 55
516 2566 684 2631 audieruut
696 2566 1003 2632 circumhabitantes
1025 2578 1057 2632 et
1074 2567 1243 2653 propinqui
1260 2566 1328 2633 eius
1346 2591 1423 2652 quo·

298 2652 384 2716 niam
400 2651 615 2736 magnifieauit
630 2652 667 2716 ds
684 2651 929 2718 misericordiam
944 2675 1034 2717 suam
1050 2676 1121 2718 oum
1133 2675 1170 2717 eo
1182 2663 1215 2718 et
1227 2654 1424 2736 gratulaban-

248 2817 251 2822 .
299 2747 349 2803 tur
364 2737 413 2802 illi
446 2749 479 2802 59
497 2737 542 2802 Ε5
557 2737 675 2802 factum
692 2744 739 2802 555
755 2737 806 2801 die
821 2739 930 2803 octaba
953 2746 1114 2803 55555555
1130 2738 1353 2804 circumcidere
1375 2739 1424 2803 in-

298 2821 416 2887 fantem
439 2832 472 2888 55
493 2824 648 2887 55555555
670 2845 743 2886 eum
766 2822 892 2888 nomine
915 2822 1014 2909 patris
1036 2823 1105 2889 eius
1120 2823 1306 2889 zachariam.
1331 2824 1424 2889 sont

298 2907 459 2993 respondit
474 2915 575 2973 mater
582 2908 651 2973 eius
670 2914 701 2973 55
723 2907 803 2972 dixit
818 2931 881 2973 555
903 2908 960 2973 sed
975 2908 1138 2974 uocabitur
1155 2909 1308 2974 iohannes
1342 2915 1424 2974 6155

299 2992 448 3057 dixerunt
470 2994 509 3057 ad
531 2992 619 3057 illam
643 3016 735 3058 nemo
758 3003 806 3058 est
828 2993 862 3058 15
883 2993 1120 3079 propinquitate
1143 3004 1197 3060 tua
1220 2994 1274 3079 qui
1291 3002 1424 3059 5555555

299 3078 359 3143 1555
382 3076 518 3142 nomine.
563 3089 597 3142 62
619 3079 810 3143 Adnuebau
832 3090 940 3143 autem
963 3080 1045 3165 55551
1062 3079 1131 3144 5155
1146 3080 1222 3164 quid
1237 3103 1310 3144 eum
1326 3080 1424 3145 551155

300 3163 414 3227 uocari.
448 3174 482 3227 63
510 3162 564 3228 ille
594 3170 700 3228 autem
721 3165 802 3249 petit
823 3163 987 3249 pugillaris
1009 3172 1041 3229 et
1060 3165 1186 3250 scripsit
1207 3165 1353 3229 iohannis
1375 3172 1425 3230 est

299 3271 413 3313 nomeu
442 3248 510 3314 eius
534 3298 540 3310 .
565 3258 596 3314 et
622 3248 769 3313 admirati
792 3257 866 3314 5555
892 3271 1001 3314 omnes
1037 3259 1078 3328 ν64
1100 3257 1131 3315 55
1153 3262 1297 3336 apertum
1319 3257 1367 3315 est
1389 3273 1424 3316 os

298 3333 366 3397 eius
388 3339 421 3398 55
442 3332 550 3417 lingua
572 3340 604 3398 55
625 3335 813 3419 loquebatur
835 3333 1023 3399 benedicens
1045 3336 1130 3399 dnm.
1170 3346 1204 3399 65
1226 3335 1271 3400 Et
1292 3334 1422 3400 factu⁵m

298 3424 346 3483 est
367 3417 461 3483 timor
482 3440 577 3504 55555
598 3442 706 3484 omnes
729 3418 1024 3485 circumhabitantes
1046 3427 1079 3484 et
1106 3421 1141 3484 15
1167 3428 1233 3486 5555
1258 3427 1424 3486 montuosa

297 3503 411 3568 iudeae
433 3511 465 3568 et
487 3503 731 3588 diuulgabantur
760 3504 866 3569 omnia
896 3506 993 3570 55555
1021 3504 1082 3570 1555
1131 3517 1166 3570 66
1193 3513 1225 3570 55
1250 3515 1425 3591 posuerunt

297 3610 406 3653 omnes
428 3588 461 3652 15
485 3589 629 3655 cordibus
652 3590 716 3654 suis
739 3589 879 3655 dicentes
902 3591 1053 3674 quidnam
1071 3590 1132 3656 5515
1153 3590 1332 3656 1515551555
1348 3615 1422 3656 nam
1515 3599 1517 3605 “

296 3697 409 3739 manus
436 3674 489 3738 dni
520 3679 588 3739 5555
617 3697 711 3760 55555
739 3674 817 3760 1555.
861 3686 894 3740 67
924 3684 956 3741 55
982 3676 1143 3742 zacharias
1164 3677 1254 3761 pater
1276 3675 1345 3740 eius
1366 3677 1423 3741 im-

296 3759 400 3844 pletus
423 3767 471 3824 555
493 3767 602 3825 555515
624 3760 683 3846 spir
706 3765 738 3824 et
765 3761 973 3846 prophetabat
1001 3762 1117 3826 dicens.
1162 3773 1196 3826 68
1227 3761 1423 3828 Benedictus

296 3844 357 3908 dns
380 3844 417 3908 (15
440 3844 580 3909 isdrahel
602 3845 657 3929 qui
679 3845 840 3931 prospexit
861 3846 1110 3932 redemptionem
1132 3846 1247 3932 populo
1262 3869 1319 3912 suo
1341 3859 1374 3912 69
1390 3856 1424 3913 55

296 3929 450 3995 excitauit
484 3952 613 3995 cornum
647 3930 757 3996 salutis
789 3931 879 3996 nobis
916 3931 950 3996 in
987 3932 1078 3997 domo
1115 3932 1211 3996 dauid
1245 3932 1336 4018 pueri
1372 3934 1422 3998 sui

296 4026 330 4080 70
358 4014 441 4081 51555
470 4015 557 4080 15555
586 4021 634 4081 555
659 4039 716 4101 555
742 4039 795 4080 555
828 4023 1005 4081 sanctorum
1039 4039 1167 4082 suorum
1197 4018 1422 4103 prophetarum

296 4099 351 4184 qui
374 4123 393 4164 5
414 4099 569 4186 551551515
584 4100 735 4187 temporis
749 4105 823 4166 sunt
854 4103 1034 4167 7155155555
1051 4103 1089 4167 ab
1103 4101 1241 4167 inimicis
1259 4104 1425 4169 nostriset

296 4208 407 4249 manus
430 4186 572 4251 omnium
590 4186 645 4271 qui
661 4209 718 4251 nos
736 4187 869 4251 oderunt
901 4186 1058 4252 infecere
1081 4187 1325 4253 misericordiam
1349 4211 1420 4254 curn

296 4268 437 4355 patribus
452 4271 567 4336 nostris
583 4284 614 4336 et
630 4272 866 4337 commemorari
886 4273 1068 4338 testamenti
1086 4273 1187 4339 saneti
1206 4273 1256 4338 sui
1288 4285 1322 4339 73
1337 4275 1422 4358 quod

296 4355 414 4420 iurauit
437 4357 572 4421 abrahae
594 4359 677 4442 patri
699 4362 804 4422 nostro
827 4367 863 4421 ut
885 4357 938 4422 det
959 4358 1049 4424 nobis
1093 4369 1128 4423 74
1158 4358 1226 4424 5155
1248 4369 1336 4424 metu
1362 4359 1421 4423 ini·

295 4439 447 4506 micorum
470 4442 590 4506 seruire
611 4441 660 4506 illi
704 4453 737 4506 75
764 4441 799 4505 15
828 4443 964 4508 55515555
995 4457 1026 4509 55
1052 4443 1229 4510 1555151515
1252 4454 1423 4529 555555555

294 4524 364 4591 5155
386 4526 533 4592 omnibus
555 4526 665 4592 diebus
686 4526 801 4592 nostris
845 4539 878 4592 76
901 4536 933 4594 55
955 4536 990 4594 55
1020 4552 1099 4615 5555
1127 4531 1249 4615 5551555
1275 4528 1421 4595 altissimi
1528 4574 1530 4577 -
