3667 5284
284 449 317 504 Ο.
335 451 376 504 21.
820 447 877 503 Joh.
1371 451 1414 513 49

284 637 380 704 tertio
405 687 410 700 .
434 659 521 701 arnas
542 659 594 700 me
616 642 649 701 et
670 635 716 700 912
742 635 790 700 1111
820 636 882 700 (199
905 636 1011 700 omnia
1033 641 1069 700 tu
1091 635 1174 701 nosti
1196 642 1233 701 tu
1254 635 1315 701 scis
1338 635 1414 720 quia

288 746 358 788 amo
384 731 417 787 te
441 771 447 783 .
471 721 547 786 dicit
576 721 624 786 illi
653 744 744 807 pasce
773 743 849 786 9999
875 741 971 786 meas.
1018 732 1051 785 18
1078 722 1186 785 Amen
1215 744 1308 786 amen
1343 721 1413 786 dico

287 809 345 874 tibi
374 829 447 872 oum
476 829 560 872 esses
586 805 816 872 adulescentior
843 806 1067 891 praecingebas
1102 811 1134 870 te
1167 813 1199 871 et
1231 807 1412 871 ambulabas

284 917 349 978 quo
369 893 496 958 uolebas
513 943 518 953 .
536 916 608 957 cum
631 903 737 956 autem
759 891 918 964 senueeris
934 892 1015 956 alius
1030 903 1063 956 te
1077 891 1257 976 praecinget
1272 897 1304 957 92
1319 892 1413 956 (19992

285 1001 350 1063 quo
377 984 413 1043 tu
443 1001 506 1043 non
535 977 594 1042 919.
640 989 672 1042 19
701 978 759 1042 hoc
789 983 895 1041 autem
917 976 998 1041 dixit
1020 976 1199 1060 significans
1227 999 1290 1062 qua
1311 986 1412 1042 morte

288 1065 496 1128 honoraturus
525 1067 607 1128 esset
635 1085 709 1127 eum
739 1067 771 1126 et
797 1063 856 1126 hoo
887 1061 970 1127 dicto
1000 1062 1076 1127 dicit
1104 1062 1152 1127 illi
1189 1085 1322 1147 sequere
1351 1085 1411 1126 me.

284 1160 323 1214 20
344 1171 512 1214 conuersus
534 1154 642 1234 petrus
666 1147 754 1212 uidet
777 1147 969 1233 discipulum
989 1169 1084 1231 quem
1114 1147 1266 1232 diligebat
1287 1147 1340 1211 ihs
1364 1169 1411 1212 se·

288 1240 436 1318 quantem
460 1233 515 1316 qui
538 1238 569 1298 92
591 1233 777 1298 recubuerat
799 1233 837 1297 ad
854 1256 963 1297 cenam
980 1255 1074 1318 super
1088 1242 1198 1318 pectus
1215 1232 1292 1298 eius.
1329 1241 1411 1297 2192

287 1319 369 1384 dixit
390 1319 451 1383 dne
473 1318 524 1384 hic
546 1317 760 1403 autemquid.
804 1329 838 1381 22
861 1317 938 1382 dicit
959 1317 1008 1383 1111
1029 1318 1081 1382 ihs
1105 1368 1111 1379 .
1135 1318 1258 1396 sizeum
1281 1319 1410 1383 uoluere

286 1427 414 1469 manere
436 1404 511 1468 dum
534 1403 629 1468 uenio
653 1403 708 1488 qni
729 1403 769 1467 ad
791 1408 823 1467 te
845 1409 880 1468 tu
896 1425 948 1466 me
962 1425 1104 1486 sequere.
1149 1415 1183 1479 23
1207 1403 1286 1469 exiit
1302 1403 1412 1488 itaque

286 1490 337 1554 hic
359 1512 461 1554 sermo
483 1489 518 1554 in
539 1488 652 1554 fratres
674 1488 757 1585 quod
780 1487 835 1552 ille
856 1487 1030 1573 discipulus
1052 1511 1115 1553 non
1138 1489 1271 1554 moritur
1292 1496 1325 1553 et
1347 1512 1410 1553 non

196 1641 198 1646 ,
286 1574 368 1640 dixit
395 1574 423 1640 ei
453 1574 504 1639 ihs
531 1597 595 1639 non
627 1574 801 1642 morieris.
830 1573 886 1638 sed
920 1577 948 1638 si
977 1597 1050 1638 eum
1078 1575 1150 1639 uolo
1179 1597 1307 1638 manere
1335 1574 1411 1638 dum

285 1659 381 1726 uenio
412 1670 447 1723 24
469 1660 521 1726 hic
543 1658 715 1745 discipulus
738 1663 785 1724 est
807 1658 862 1743 qui
876 1658 1091 1724 testimonium
1108 1659 1252 1745 perhibet
1266 1660 1304 1725 de
1320 1659 1410 1723 ihm.

282 1753 317 1811 92
332 1745 387 1829 qui
403 1746 442 1810 de
464 1768 501 1808 eo
517 1745 641 1830 scripsit
656 1752 687 1809 et
701 1743 818 1810 scimus
834 1743 984 1828 quoniam
1003 1768 1115 1809 uerum
1131 1751 1179 1810 est
1193 1743 1410 1810 testimonium

286 1830 363 1896 eius.
408 1842 442 1894 25
470 1831 515 1895 Et
543 1829 605 1895 alia
634 1834 739 1895 autem
767 1829 867 1894 multa
896 1827 972 1894 fecit
999 1829 1051 1894 ihs
1078 1853 1160 1916 quae
1186 1830 1212 1896 si
1235 1830 1412 1895 scribantur

285 1938 342 2002 per
374 1916 499 2000 singula
531 1938 589 1980 nec
622 1914 725 2000 ipsum
758 1913 890 1979 arbitror
918 1915 1003 1981 huno
1032 1916 1186 1980 mundum
1216 1938 1326 2001 capere
1355 1915 1411 2000 qui

283 2000 497 2066 scriberentur
517 1999 599 2064 libri.
1147 2003 1151 2010 ’

286 2173 524 2271 Euangelium
552 2180 629 2245 cata
656 2174 842 2246 iohannem
867 2173 1012 2262 explicit
1036 2172 1162 2261 incipit
1188 2180 1267 2245 cata
1292 2175 1410 2245 lucan.

478 2729 773 2808 numerium
800 2731 1035 2810 sacuunuu
1062 2706 1219 2810 99999.

368 2936 395 2999 I.
441 2949 520 3000 1-
543 2936 670 3001 —iam
693 2935 823 3021 quidem
854 2937 948 3002 multi
977 2943 1214 3022 temptauerunt
1243 2937 1409 3023 disponere

284 3020 496 3086 narrationem
519 3022 557 3087 de
579 3022 629 3088 his
651 3023 743 3088 rebus
767 3044 848 3105 quae
870 3021 1020 3107 impletae
1035 3027 1109 3087 sunt
1124 3022 1158 3087 in
1173 3022 1262 3088 nobis
1295 3023 1409 3088 291992

285 3105 481 3172 tradiderunt
503 3107 593 3172 nobis
616 3105 671 3192 qui
694 3131 713 3170 a
734 3106 889 3193 principio
918 3108 1181 3205 contemplatores
1211 3112 1243 3172 92
1271 3108 1409 3174 ministri

284 3188 412 3256 fuerunt
433 3191 523 3257 uerbi
566 3192 723 3278 3placuit
749 3201 781 3257 92
807 3192 887 3257 mihi
918 3193 957 3257 ab
984 3192 1076 3258 initio
1106 3192 1273 3278 diligenter
1301 3194 1408 3258 omnia

284 3275 432 3341 adsecuto
454 3277 624 3342 secundum
649 3277 789 3342 ordinem
813 3277 949 3343 seribere
970 3277 1029 3342 tibi
1058 3277 1176 3364 optime
1199 3328 1205 3341 .
1230 3301 1248 3342 o
1270 3278 1409 3364 theopile

281 3370 302 3423 4
323 3367 359 3426 ut
381 3384 529 3446 agnoscas
552 3363 590 3428 de
619 3363 733 3447 quibus
764 3363 892 3428 edoctus
921 3363 964 3429 919
990 3364 1189 3445 sermonibus
1217 3363 1407 3428 firmitatem.

280 3457 300 3510 5
322 3445 401 3512 Fuit
423 3446 456 3511 in
479 3445 591 3512 diebus
606 3448 739 3513 herodes
754 3471 845 3532 reges
861 3448 955 3513 iudae
969 3449 1113 3514 sacerdos
1129 3448 1258 3532 quidam
1281 3448 1409 3514 nomine

283 3531 442 3597 zacharias
469 3533 508 3598 de
537 3532 607 3598 uice
636 3532 739 3598 abiam
769 3544 802 3598 92
830 3556 910 3598 uxor
943 3532 1031 3599 illius
1057 3534 1096 3598 de
1124 3533 1249 3599 filiabus
1278 3557 1354 3598 aron
1376 3542 1409 3599 et

282 3639 397 3682 nomen
421 3617 490 3683 9199
512 3618 652 3683 elisabet.
696 3630 713 3682 6
735 3617 860 3684 fuerant
882 3625 987 3685 autem
1010 3619 1086 3684 iusti
1102 3620 1193 3684 ambo
1208 3626 1281 3685 ante
1296 3618 1408 3684 faciem

282 3702 315 3766 di
337 3702 532 3768 ambulantes
553 3703 588 3768 in
609 3703 754 3768 omnibus
776 3705 952 3790 praeceptis
975 3709 1007 3769 et
1028 3703 1132 3770 1992119
1155 3704 1210 3768 dni
1230 3703 1299 3769 sine
1317 3728 1409 3790 quae

281 3787 358 3852 ralla
401 3793 471 3853 192
494 3811 556 3853 999
580 3797 647 3854 erat
668 3788 732 3854 illis
753 3789 837 3855 filius
859 3789 1010 3875 quoniam
1034 3797 1100 3855 erat
1127 3789 1258 3854 elisabet
1285 3790 1409 3855 steriles

282 3877 314 3938 et
336 3874 426 3937 ambo
450 3881 539 3938 erant
561 3875 717 3959 progressi
739 3874 773 3938 in
795 3875 905 3940 diebus
928 3874 1003 3940 suis.
1048 3887 1065 3940 8
1087 3874 1223 3940 Factum
1239 3879 1287 3940 992
1301 3881 1407 3941 autem

282 3981 352 4022 cum
375 3957 585 4040 sacerdotium
607 3958 841 4025 administraret
862 3959 897 4023 in
918 3959 1029 4024 ordine
1052 3958 1130 4025 uicis
1145 3983 1221 4026 suae
1236 3968 1309 4026 9929
1332 3960 1408 4024 dnm

278 4054 297 4106 9
319 4042 492 4109 secundum
515 4043 775 4110 consuetudinem
797 4044 963 4111 sacerdotii
985 4067 1051 4110 sors
1073 4044 1237 4111 illiexiuit
1252 4052 1288 4111 ut
1302 4045 1408 4110 incen-

282 4164 321 4174 -
345 4166 386 4176 -
409 4166 450 4176 -
472 4135 564 4195 neret
595 4134 626 4196 et
654 4129 813 4214 ingressus
839 4129 873 4194 19
900 4130 1054 4215 templum
1084 4129 1138 4194 dni
1183 4137 1270 4196 1992
1299 4154 1408 4196 omues

282 4215 373 4278 turba
411 4215 520 4300 populi
556 4213 618 4280 fuit
656 4216 810 4280 adhorans
849 4215 906 4279 illa
938 4216 1016 4279 hora
1052 4214 1293 4302 supplicationis
1330 4215 1407 4281 eius.

283 4309 314 4361 11
338 4298 434 4365 Uisus
464 4305 511 4366 992
541 4307 647 4366 autem
677 4299 724 4364 illi
754 4301 883 4384 angelus
912 4299 967 4365 dni
998 4307 1084 4366 stans
1111 4303 1146 4365 in
1174 4300 1278 4366 medio
1301 4300 1408 4367 altaris

281 4384 519 4468 supplicationis
563 4396 596 4449 12
626 4392 658 4451 92
685 4385 828 4451 turbatus
856 4391 904 4450 est
937 4385 1097 4451 zacharias
1124 4409 1194 4450 cum
1224 4385 1356 4451 uidisset
1377 4393 1409 4451 et

281 4467 375 4534 timor
396 4470 515 4536 inuasit
534 4470 635 4535 illum.
682 4482 714 4534 13
736 4471 780 4534 Et
802 4469 884 4536 dixit
903 4471 942 4536 ad
964 4470 1054 4536 illum
1070 4472 1201 4554 angelus
1215 4471 1281 4536 noli
1296 4471 1408 4536 timere

382 4570 400 4624 4
417 4601 450 4610 -
467 4571 518 4628 Er.
536 4571 620 4640 palat.
