3667 5284
413 499 460 566 48
918 499 970 554 Er.
991 514 1044 555 sec.
1394 503 1423 558 O.
1442 507 1483 558 20.
1501 507 1544 560 21.

415 687 474 774 qui
497 687 737 772 cognominatur
758 687 906 773 dydimus
928 711 991 754 nou
1015 697 1082 754 erut
1109 711 1182 753 cum
1210 687 1274 756 illis
1301 691 1426 774 quando
1456 691 1547 757 uenit

418 773 479 838 ihs.
523 783 558 838 25
580 773 738 840 Dicebant
760 796 833 858 ergo
856 774 885 838 ei
913 773 1012 839 ceteri
1034 773 1182 859 discipuli
1204 775 1343 841 uidimus
1362 775 1446 840 dnm.
1491 778 1546 842 Ad

415 860 474 924 ille
495 858 578 924 dixit
600 859 645 924 eis
668 857 729 924 nisi
751 859 861 924 uidero
884 858 917 923 iu
940 860 1085 925 manibus
1107 860 1177 926 eius
1199 862 1331 944 figuram
1356 862 1543 926 claborum.

418 955 451 1010 et
479 944 593 1010 misero
624 967 753 1009 manum
783 967 884 1009 meam
913 944 947 1008 iu
969 945 1067 1011 latere
1090 943 1157 1010 eius
1180 968 1242 1010 non
1266 947 1366 1010 credo.
1411 957 1445 1011 26
1468 947 1546 1012 Post

413 1030 485 1095 dies
512 1043 581 1095 octo
610 1052 716 1094 rursus
747 1038 836 1094 erant
863 1029 1009 1114 discipuli
1040 1030 1134 1097 simul
1161 1054 1234 1096 oum
1267 1030 1329 1095 illis
1361 1038 1394 1095 et
1421 1033 1545 1098 thomas

413 1139 490 1182 cum
513 1115 559 1180 eis
581 1163 588 1178 .
612 1114 703 1181 uenit
725 1115 776 1179 ihs
798 1113 901 1180 iennis
926 1115 1041 1181 clausis
1064 1126 1096 1180 et
1117 1116 1205 1181 stetit
1227 1116 1261 1180 iu
1284 1115 1387 1182 medio
1410 1122 1442 1181 et
1463 1117 1546 1182 dixit

417 1215 490 1287 pas¹
512 1201 674 1266 uobiscum
718 1211 751 1265 27
774 1201 887 1265 deinde
909 1201 955 1265 ait
976 1202 1103 1266 thomae
1125 1200 1227 1266 adfert
1249 1201 1382 1281 digitum
1406 1214 1498 1267 tuum
1513 1210 1545 1268 et

417 1287 491 1352 uide
512 1309 625 1351 manus
647 1308 733 1352 meas
755 1292 787 1351 θῖ
809 1285 912 1352 adfers
934 1310 1064 1352 manum
1086 1292 1174 1352 tuam
1203 1296 1235 1353 et
1262 1288 1355 1353 mitte
1383 1287 1416 1350 in
1446 1288 1545 1354 latere

413 1395 488 1437 meo
510 1378 542 1437 et
556 1373 622 1436 noli
638 1393 705 1436 csse
720 1371 901 1436 incredulus
916 1373 971 1436 sed
986 1372 1095 1437 fidelis.
1128 1382 1163 1437 28
1184 1372 1359 1457 Respondit
1375 1373 1498 1438 thomas
1513 1383 1546 1439 et

416 1457 499 1541 dixit
520 1457 580 1522 dus
603 1479 692 1522 meus
715 1466 747 1521 et
769 1457 806 1520 ds
829 1480 926 1522 meus.
971 1468 1004 1521 29
1032 1457 1075 1523 ut
1102 1457 1147 1520 ait
1173 1457 1221 1521 illi
1250 1459 1301 1522 ihs
1330 1459 1405 1543 quia
1433 1459 1544 1523 uidisti

411 1543 517 1608 credis
539 1543 622 1606 heati
645 1541 701 1628 qui
724 1566 787 1606 non
810 1543 960 1607 uiderunt
982 1549 1014 1608 et
1037 1543 1172 1608 credent.
1217 1555 1252 1607 30
1282 1543 1384 1607 Multa
1415 1543 1543 1628 quidem

300 1637 304 1644 '
413 1639 449 1694 θῖ
470 1629 533 1693 alia
555 1628 644 1712 signa
665 1626 741 1692 fecit
763 1627 814 1692 ihs
837 1651 941 1691 coram
964 1628 1127 1714 discipulis
1155 1627 1221 1692 suis
1248 1640 1415 1714 postquam
1444 1651 1543 1694 resur·

416 1712 500 1779 rexit
521 1739 540 1777 a
563 1712 695 1778 mortuis
725 1735 806 1797 quae
829 1736 891 1777 nou
914 1723 988 1778 sunt
1010 1712 1126 1798 scripta
1149 1713 1183 1777 in
1206 1715 1264 1777 hoc
1286 1714 1366 1778 libro
1408 1725 1441 1778 31
1465 1716 1542 1780 haec

407 1807 521 1864 autem
550 1800 665 1885 scripta
693 1807 765 1863 sunt
792 1804 828 1863 ut
855 1799 989 1864 credatis
1017 1799 1092 1883 quia
1118 1799 1170 1862 ihs
1197 1803 1257 1884 xps
1279 1800 1363 1864 filius
1386 1799 1417 1863 di
1441 1810 1489 1864 est
1512 1813 1544 1865 et

414 1892 452 1949 ut
474 1885 637 1950 credentes
659 1883 758 1949 uitam
782 1892 942 1948 aeteruum
964 1884 1107 1949 habeatis
1129 1883 1162 1947 in
1185 1885 1313 1948 nomine
1335 1885 1443 1969 ipsius.

500 1970 598 2034 XXI.
645 1970 760 2034 lPost
792 1970 870 2034 haec
903 1976 1009 2035 autem
1041 1968 1256 2034 manifestauit
1289 1993 1322 2034 sa
1354 1973 1471 2034 iterum
1502 1970 1542 2034 ad

415 2078 502 2120 mare
524 2054 686 2120 tiberiadis
710 2104 716 2117 .
741 2052 957 2119 manifestauit
986 2063 1090 2120 autem
1122 2077 1156 2118 se
1184 2054 1239 2119 sie.
1283 2065 1300 2118 2
1329 2058 1419 2120 eraut
1447 2055 1544 2121 simul

412 2141 517 2206 simon
539 2149 647 2222 petrus
670 2149 702 2205 et
724 2142 847 2206 thomas
869 2140 924 2225 qui
947 2139 1063 2204 dicitnr
1084 2140 1231 2223 didymus
1253 2150 1286 2204 et
1308 2140 1501 2205 nathanahel
1522 2165 1542 2205 a

304 2283 307 2287 .
411 2227 557 2290 chanaha
585 2226 719 2308 galileae
748 2231 780 2291 et
808 2225 854 2290 fili
880 2225 1028 2289 zebedaei
1060 2235 1093 2291 et
1123 2223 1164 2288 ali
1201 2224 1348 2310 discipuli
1379 2225 1447 2291 eius
1480 2225 1542 2290 duo

409 2323 431 2376 3
453 2311 531 2377 dicit
552 2311 600 2376 illi
622 2311 724 2376 simon
747 2316 854 2396 petrus
870 2334 906 2376 eo
919 2310 1045 2459 piscari.
1090 2310 1213 2375 Dicunt
1228 2310 1257 2374 ei
1274 2312 1421 2376 uenimus
1436 2322 1541 2376 tecum

415 2408 447 2462 et
475 2419 531 2462 nos
554 2448 561 2460 .
586 2396 733 2462 exierunt
762 2404 794 2460 θῖ
823 2419 915 2461 ascen
940 2402 1033 2461 erunt
1062 2396 1096 2459 in
1125 2396 1273 2460 nauicula
1302 2406 1334 2460 et
1364 2397 1419 2460 illa
1448 2402 1540 2462 nocte

412 2482 496 2547 nihil
518 2490 696 2580 coeperunt.
740 2492 758 2545 4
779 2483 875 2546 Mane
898 2487 1003 2546 autom
1029 2481 1109 2547 facto
1131 2481 1220 2546 stetit
1241 2480 1293 2544 ihs
1315 2480 1349 2545 in
1370 2481 1461 2547 litore
1477 2505 1538 2546 uon

413 2574 519 2633 tamen
543 2569 683 2632 serebant
704 2566 851 2652 discipuli
874 2569 949 2651 quia
971 2568 1022 2631 ihs
1045 2577 1101 2632 est.
1146 2577 1163 2630 5
1184 2566 1275 2631 Dicit
1297 2566 1360 2631 illis
1382 2566 1435 2630 ihs
1449 2566 1538 2653 pueri

413 2653 569 2739 numquid
591 2652 713 2718 habetis
735 2653 981 2738 pulmentarium
1004 2653 1233 2738 responderunt
1254 2675 1326 2716 uon.
1371 2664 1387 2716 6
1410 2654 1463 2716 Ad
1484 2652 1536 2716 ille
1585 2723 1587 2726 ¹

408 2739 496 2803 dixit
518 2738 563 2804 eis
586 2739 677 2804 mitte
698 2739 732 2803 iu
754 2738 899 2804 dextram
921 2746 1042 2824 partem
1065 2738 1157 2802 nauis
1179 2736 1291 2802 retiam
1314 2743 1347 2801 et
1369 2737 1535 2802 inuenietis

414 2825 568 2888 miserunt
590 2833 622 2889 et
647 2824 813 2891 extrahere
839 2825 924 2888 illam
954 2846 1017 2887 nou
1046 2829 1216 2907 potueruut
1238 2845 1313 2908 praa
1336 2822 1537 2887 multitudine

412 2909 563 2995 poseium.
601 2922 617 2974 7
642 2910 730 2975 Dicit
752 2933 825 2994 ergo
848 2909 1022 2994 discipulus
1045 2909 1100 2973 ille
1122 2931 1216 2993 quem
1240 2907 1390 2992 diligebat
1419 2909 1470 2972 ihs
1500 2907 1539 2972 ad

410 3001 537 3081 petrum
567 2995 626 3058 duit
654 3005 702 3060 est
726 3047 731 3058 .
756 2995 857 3060 simou
885 3017 958 3080 ergo
980 3000 1087 3080 petrus
1111 3009 1145 3058 ut
1167 2993 1290 3058 audiuit
1313 2994 1388 3078 quia
1410 2994 1469 3057 dns
1493 3003 1540 3058 est

394 3080 553 3146 'tunicam
580 3102 616 3144 θθ
647 3080 823 3165 praecinxit
852 3103 885 3146 se
909 3133 914 3144 .
941 3086 1008 3144 erat
1036 3079 1121 3144 enim
1148 3079 1251 3142 nudus
1281 3091 1313 3143 et
1343 3079 1430 3144 misit
1452 3101 1484 3142 sc
1506 3078 1540 3142 iu

413 3190 508 3231 mare.
562 3177 579 3230 8
616 3165 671 3230 alii
705 3165 851 3252 discipuli
882 3165 915 3228 iu
950 3166 1131 3230 nauiculam
1165 3174 1323 3229 uenerunt
1354 3187 1418 3228 nou
1453 3164 1537 3228 enim

411 3251 505 3335 longe
534 3258 624 3315 erant
650 3274 669 3315 a
698 3260 781 3316 terra
807 3251 862 3316 sed
894 3251 959 3315 fere
982 3250 1021 3314 ad
1043 3249 1160 3334 gubitis
1184 3249 1323 3314 docentis
1348 3299 1354 3311 .
1378 3250 1540 3314 trahentes

412 3337 525 3401 retiam
557 3336 706 3422 pescium.
756 3349 772 3402 9
800 3337 844 3401 Ut
872 3359 945 3420 ergo
975 3336 1199 3401 discenderunt
1225 3334 1264 3398 ad
1287 3346 1402 3398 terram
1425 3334 1537 3398 uident

407 3423 562 3487 carbones
585 3421 701 3507 positos
725 3430 756 3487 et
778 3422 895 3508 piscem
918 3424 1150 3506 superpositum
1173 3426 1205 3485 et
1226 3442 1349 3505 punem.
1395 3432 1429 3484 10
1450 3420 1540 3485 Dicit

411 3507 477 3572 illis
499 3507 550 3571 ihs
573 3507 693 3573 adferte
716 3508 754 3572 de
777 3507 937 3593 pisciculis
960 3529 1037 3591 quos
1053 3529 1136 3571 nuuc
1151 3506 1305 3590 coepistis.
1351 3517 1382 3568 11
1399 3505 1540 3569 ascendit

412 3593 513 3658 simon
547 3601 655 3677 petrus
685 3600 717 3658 et
745 3592 843 3658 traxit
868 3593 980 3657 retiam
1009 3593 1049 3656 ad
1084 3601 1200 3656 terram
1233 3591 1360 3678 plenam
1393 3589 1538 3676 pescihus

407 3688 538 3744 centum
570 3677 801 3761 quinquaointa
829 3678 931 3743 tribus
954 3727 961 3740 .
986 3692 1018 3742 et
1047 3700 1120 3742 cum
1148 3677 1239 3742 multi
1267 3682 1371 3741 essent
1397 3699 1459 3740 uon
1491 3683 1538 3740 est

412 3762 508 3828 scissa
525 3764 614 3828 retia.
648 3775 681 3826 12
709 3733 795 3828 Dicit
816 3763 880 3828 illis
902 3764 954 3826 ihs
976 3762 1085 3828 uenite
1107 3763 1259 3848 prandete
1283 3813 1291 3828 .
1315 3784 1407 3825 nemo
1430 3772 1537 3825 tamen

407 3848 636 3934 discipulorum
660 3850 775 3915 audere
798 3850 992 3932 interrogare
1014 3872 1087 3912 eum
1110 3858 1145 3913 tu
1167 3849 1239 3934 quis
1261 3871 1295 3912 es
1310 3846 1445 3914 scientes
1461 3848 1538 3932 quia

406 3935 472 3998 dmi
503 3941 558 3998 est.
605 3945 637 3998 13
671 3935 770 4000 Ueuit
803 3935 854 3998 ihs
888 3947 920 3999 θῖ
952 3934 1074 4020 accepit
1108 3957 1221 4019 panem
1249 3945 1282 3998 et
1309 3932 1397 3997 dedit
1419 3928 1483 3996 illis
1505 3944 1537 3996 et

412 4019 526 4103 piscem
552 4018 698 4085 similiter
741 4031 775 4084 14
796 4021 855 4085 hoo
878 4020 940 4084 iam
965 4025 1058 4085 tertio
1081 4019 1297 4084 manifestauit
1318 4041 1351 4084 se
1374 4019 1425 4082 ihs
1448 4017 1536 4082 disci·

411 4104 495 4190 pulis
517 4115 682 4188 postquam
705 4106 844 4170 surrexit
866 4129 885 4170 a
908 4106 1048 4172 mortuis.
1094 4117 1127 4169 15
1150 4129 1220 4170 cum
1244 4128 1317 4189 ergo
1339 4102 1538 4189 prandissent

411 4188 488 4253 dicit
509 4195 598 4274 petro
621 4189 672 4253 ihs
695 4192 796 4255 simon
820 4191 972 4256 iohannes
995 4214 1081 4256 amas
1116 4215 1175 4256 me.
1220 4191 1311 4255 Dicit
1338 4189 1384 4255 illi
1416 4200 1536 4274 utuque

406 4275 472 4338 dne
498 4323 504 4335 .
528 4272 573 4338 ait
605 4273 652 4338 illi
682 4299 773 4362 pasce
800 4299 875 4341 oues
906 4300 1000 4341 meas.
1047 4289 1079 4341 16
1107 4276 1196 4342 Dicit
1222 4277 1252 4340 ei
1274 4277 1412 4341 secundo
1433 4275 1536 4340 simon

410 4359 556 4424 iohannis
578 4383 664 4426 amas
686 4385 745 4426 me.
790 4361 880 4427 Dicit
907 4362 955 4426 illi
983 4367 1103 4447 utuque
1127 4362 1189 4426 dne
1212 4368 1247 4426 tu
1271 4362 1330 4426 scis
1357 4364 1432 4446 quia
1465 4383 1537 4426 amo

411 4455 451 4509 te.
496 4444 587 4510 Dicit
617 4446 647 4510 ei
680 4469 772 4532 pasce
803 4470 879 4512 oues
913 4471 1008 4513 meas.
1058 4460 1090 4512 17
1118 4447 1207 4512 Dicit
1235 4447 1283 4511 illi
1313 4450 1406 4512 tertio
1435 4447 1536 4512 simon

407 4529 557 4594 iohannis
590 4553 675 4596 amas
708 4556 767 4598 me.
824 4532 1036 4598 Contristatus
1068 4538 1116 4598 est
1148 4541 1256 4618 petrus
1289 4533 1363 4616 quia
1396 4531 1477 4597 dixit
1506 4539 1538 4597 et
