3667 5284
433 528 476 595 82
937 525 989 580 Er.
1007 541 1059 580 sec.
1408 525 1437 578 O.
1456 527 1497 578 20.
1514 527 1559 578 21.

433 724 542 782 mouet
574 715 674 780 illum.
719 728 752 781 19
786 722 818 781 et
847 714 1051 800 quaesierunt
1084 714 1204 781 scribae
1233 720 1265 779 et
1294 713 1452 794 pontificis
1478 713 1562 780 inice

433 802 482 867 illi
518 825 630 866 manus
666 800 841 867 timuerunt
878 809 984 865 autem
1021 803 1174 886 populum
1211 800 1439 865 intellexerunt
1475 799 1561 865 enim

432 887 584 973 quoniam
616 888 654 951 ad
683 911 736 952 eos
766 886 850 952 dixit
879 885 1122 962 similitudinem
1149 886 1241 951 istam
1295 897 1331 950 20
1364 894 1396 950 11
1428 907 1562 951 secesse

432 981 509 1038 runt
541 978 574 1038 et
605 973 761 1038 miserunt
794 995 892 1037 unum
928 972 1030 1056 adque
1060 972 1194 1036 alterum
1223 969 1279 1056 qui
1308 970 1495 1036 simularent
1527 994 1561 1036 11

434 1059 533 1123 iustos
566 1064 603 1123 ut
637 1058 924 1144 repraehenderent
960 1059 1058 1123 uerba
1095 1058 1164 1122 eius
1204 1066 1236 1122 et
1273 1057 1434 1121 traderent
1469 1057 1559 1121 illum

434 1145 548 1227 legato.
603 1155 636 1206 21
666 1153 698 1208 11
730 1143 1006 1228 interrogaueruut
1031 1143 1123 1206 illum
1150 1141 1291 1207 dicentes
1323 1142 1473 1226 magister
1502 1141 1560 1207 sci·

434 1253 506 1294 mus
535 1229 684 1315 quoniam
715 1229 800 1296 dices
827 1234 911 1294 recte
938 1234 970 1294 et
996 1229 1088 1292 doces
1114 1235 1233 1294 elnon
1255 1227 1391 1313 accipies
1413 1249 1562 1312 personas

433 1314 529 1380 edin
552 1315 687 1379 ueritate
709 1314 742 1379 di
764 1316 855 1380 doces
898 1325 933 1378 22
955 1313 1031 1379 11111
1053 1313 1142 1379 uobis
1165 1314 1240 1377 dare
1262 1313 1381 1378 caesari
1405 1313 1561 1378 tributum

434 1406 585 1466 autnon.
618 1411 652 1464 23
675 1400 757 1466 Oum
782 1399 981 1484 cognouisset
1003 1408 1113 1464 autem
1133 1398 1310 1482 nequitiam
1331 1399 1458 1463 illorum
1479 1399 1563 1464 dixit

433 1486 475 1552 ad
497 1485 568 1550 illos
610 1495 645 1548 24
673 1486 830 1551 ostendite
859 1485 939 1549 111111
968 1485 1131 1550 denarium
1161 1483 1252 1549 cuius
1273 1485 1369 1549 habet
1390 1483 1561 1568 imaginem

435 1578 467 1636 et
503 1570 808 1657 superscriptionem.
868 1571 1112 1655 Responderunt
1148 1575 1180 1634 et
1223 1569 1374 1635 dixerunt
1416 1571 1560 1636 caesaris.

432 1657 551 1722 251111
574 1665 681 1722 autem
703 1657 785 1721 dixit
806 1656 845 1720 ad
867 1655 940 1721 illos
962 1654 1082 1720 reddite
1105 1678 1187 1740 quae
1206 1656 1340 1732 caesuris
1354 1665 1429 1720 1111
1444 1657 1562 1722 caesari

435 1749 467 1808 et
489 1765 570 1826 quae
592 1751 667 1806 suut
689 1743 722 1805 di
744 1743 784 1807 do
828 1753 862 1806 26
885 1747 917 1806 11
939 1763 1002 1805 111
1024 1748 1197 1826 potuerunt
1223 1741 1471 1826 repraehendere
1494 1765 1561 1806 uer-

434 1829 511 1892 bum
533 1828 601 1892 eius
623 1827 655 1891 in
679 1834 849 1913 conspectu
869 1826 979 1912 populi
1001 1833 1033 1890 et
1053 1826 1200 1891 admirati
1215 1850 1309 1912 super
1323 1849 1472 1911 responsa
1494 1827 1563 1892 eius

434 1919 611 1979 tacuerunt.
656 1924 690 1977 21
720 1915 934 1978 Accesserunt
958 1919 1065 1977 autem
1089 1911 1216 1995 quidam
1240 1913 1279 1977 de
1300 1913 1484 1978 sadducaeis
1507 1913 1563 1997 qui

435 1999 546 2064 dicunt
567 1999 828 2063 resurrectionem
850 2021 914 2063 nou
938 2021 1005 2062 esse
1028 2006 1061 2062 et
1075 1996 1350 2081 interrogauerunt
1364 2021 1437 2062 eum
1465 2009 1500 2063 28
1515 1999 1561 2062 di·

434 2090 542 2149 centes
564 2083 715 2168 magister
736 2106 860 2169 moyses
881 2082 1006 2168 scripsit
1028 2081 1117 2147 nobis
1139 2083 1167 2147 si
1189 2085 1279 2148 cuius
1301 2082 1398 2148 frater
1420 2093 1563 2149 mortuus

435 2168 534 2234 fuerit
555 2170 624 2233 sine
647 2169 754 2234 liberis
775 2170 894 2234 habens
916 2191 1048 2234 uxorem
1071 2180 1107 2232 ut
1129 2168 1263 2253 accipiat
1291 2168 1387 2234 frater
1416 2169 1485 2234 eius
1506 2194 1563 2234 ux·

435 2278 522 2320 orem
549 2253 636 2318 illam
667 2261 699 2318 et
728 2254 893 2320 resuscitet
918 2277 1026 2319 semen
1054 2252 1145 2318 fratri
1166 2277 1234 2320 suo.
1276 2265 1310 2318 29
1339 2261 1427 2340 septe
1455 2262 1562 2320 autem

435 2348 527 2405 erant
537 2338 648 2404 fratres
664 2346 696 2404 et
714 2340 835 2426 primus
850 2348 977 2426 accepta
991 2362 1090 2404 uxore
1105 2339 1237 2404 decessit
1251 2339 1319 2404 sine
1334 2339 1442 2405 liberis
1476 2353 1512 2406 30
1524 2341 1563 2406 11·

436 2426 554 2491 militer
575 2433 607 2491 et
629 2426 785 2491 secundus
827 2437 861 2490 31
889 2436 922 2488 et
943 2424 1060 2490 tertius
1078 2447 1179 2509 usque
1201 2425 1240 2489 ad
1261 2424 1433 2510 septimum
1453 2449 1561 2491 omnes

435 2534 499 2576 non
528 2511 719 2576 remiserunt
746 2511 848 2575 filium
877 2519 909 2576 et
937 2509 1054 2575 mortui
1083 2518 1158 2574 sunt
1199 2522 1234 2575 33
1266 2510 1301 2574 11
1334 2511 1559 2576 resurrectione

435 2595 526 2661 cuius
549 2595 609 2661 1111
629 2619 710 2661 uxor
732 2603 852 2682 septem
875 2595 960 2660 enim
984 2596 1162 2660 habuerunt
1177 2594 1266 2660 illam
1281 2619 1420 2661 uxorem.
1449 2606 1483 2659 34
1496 2596 1557 2659 Ille

436 2687 541 2747 autem
564 2681 647 2746 dixit
661 2682 701 2746 ad
722 2682 793 2746 illos
814 2680 873 2745 filii
895 2681 1011 2746 saeculi
1034 2681 1128 2745 huius
1150 2688 1303 2764 generant
1317 2687 1350 2746 et
1363 2689 1556 2765 generantur.

432 2779 469 2832 35
492 2766 547 2852 qui
570 2773 677 2832 autem
703 2766 919 2850 dignationem
948 2766 1069 2831 fuerint
1094 2767 1211 2830 saeculi
1241 2767 1330 2830 illius
1360 2766 1498 2832 habituri
1525 2765 1560 2830 in

435 2853 665 2918 resurrectione
687 2876 710 2917 a·
727 2852 860 2917 mortuis
882 2875 986 2936 neque
1009 2853 1176 2916 nubentur.
1220 2864 1255 2916 36
1283 2876 1387 2937 neque
1410 2851 1562 2916 enimin·

435 2937 555 3024 cipient
577 2937 656 3002 mori
679 2988 686 3000 .
710 2938 849 3023 aequalis
872 2937 958 3002 enim
987 2943 1062 3002 sunt
1083 2937 1204 3021 angelis
1225 2938 1257 3002 di
1281 2989 1288 3004 .
1311 2962 1385 3003 cum
1413 2938 1478 3002 sint
1504 2936 1563 3000 filii

434 3023 681 3089 resurrectionis.
726 3035 760 3088 31
781 3042 943 3108 resurgere
965 3031 1071 3087 autem
1094 3032 1235 3088 mortuos
1256 3047 1381 3108 moyses
1411 3023 1563 3107 significa·

435 3109 484 3173 uit
506 3131 600 3194 super
622 3111 736 3173 rubum
760 3109 884 3192 quando
914 3107 1031 3173 dixerit
1060 3108 1090 3172 11
1118 3108 1178 3172 dns
1204 3109 1242 3172 ds
1269 3108 1377 3173 dicens
1406 3132 1464 3192 ego
1493 3130 1564 3173 sum

435 3195 473 3260 ds
496 3195 643 3258 abraham
667 3195 704 3258 ds
727 3193 850 3259 1111111
873 3193 970 3258 iacob.
1004 3194 1097 3258 38111
1121 3194 1205 3259 enim
1227 3217 1292 3259 non
1307 3202 1354 3259 est
1368 3202 1564 3259 mortuorum

435 3280 493 3346 sed
523 3281 671 3345 uiuorum
701 3329 708 3342 .
738 3303 847 3345 omnes
880 3279 967 3343 enim
999 3278 1048 3343 illi
1081 3280 1205 3344 uiuunt.
1250 3292 1284 3344 39
1318 3281 1564 3365 Responderunt

436 3373 543 3430 autem
566 3365 694 3450 quidam
718 3365 756 3430 de
779 3364 887 3430 scribis
911 3374 942 3430 et
964 3364 1115 3429 dixerunt
1136 3366 1215 3430 bene
1237 3364 1356 3430 dixisti.
1388 3376 1424 3430 40
1444 3372 1477 3430 et
1499 3365 1564 3428 iam

435 3474 498 3515 non
522 3452 679 3516 audebant
700 3449 892 3534 interrogare
918 3449 1010 3513 illum
1039 3451 1217 3534 quicquam.
1262 3460 1295 3514 41
1329 3451 1424 3516 Dixit
1456 3456 1563 3515 autem
1623 3493 1627 3498 -

436 3537 476 3600 ad
497 3536 569 3602 illos
592 3535 668 3620 quid
690 3536 779 3600 uobis
802 3535 929 3601 uidetur
950 3535 989 3599 de
1011 3546 1074 3622 xpo
1098 3536 1188 3600 cuius
1209 3536 1294 3600 filius
1316 3554 1362 3601 est
1384 3537 1494 3601 dicunt
1515 3534 1564 3598 illi

436 3622 541 3687 dauid.
585 3631 619 3685 42
641 3620 734 3686 Dixit
756 3631 863 3700 111111
885 3621 925 3684 ad
948 3620 1018 3685 illos
1041 3622 1195 3706 quomodo
1219 3621 1313 3685 dauid
1336 3621 1413 3687 dicit
1427 3622 1460 3685 in
1481 3620 1562 3684 libro

435 3708 628 3792 psalmorum
669 3706 751 3772 dixit
786 3707 846 3770 dns
877 3707 941 3770 dno
974 3729 1044 3771 meo
1075 3707 1149 3771 sede
1184 3707 1225 3771 ad
1260 3707 1422 3772 dexteram
1459 3729 1564 3770 meam

435 3803 471 3856 43
494 3793 697 3876 quoadusque
719 3816 834 3878 ponam
856 3791 1003 3856 inimicos
1024 3801 1096 3857 tuos
1118 3793 1175 3856 sub
1201 3792 1331 3878 pedibus
1353 3793 1425 3856 tuis.
1470 3801 1506 3854 44
1536 3791 1563 3854 si

437 3878 532 3941 dauid
555 3879 629 3942 dnm
652 3878 741 3942 illum
766 3885 858 3942 11111
880 3878 1036 3962 quomodo
1057 3877 1142 3942 filius
1165 3877 1233 3942 eius
1255 3884 1311 3943 est.
1356 3888 1391 3942 45
1423 3877 1561 3942 Etcum

434 3962 560 4027 audiret
593 3965 695 4028 omnis
727 3964 861 4049 populus
895 3963 978 4028 dixit
1008 3962 1170 4048 discipulis
1203 3963 1269 4028 suis
1311 3973 1346 4027 46
1380 3970 1489 4027 cauete
1522 3963 1562 4026 ab

436 4047 545 4112 scribis
568 4049 623 4132 qui
649 4050 761 4113 uolunt
790 4049 951 4114 ambulare
973 4048 1007 4112 in
1028 4049 1117 4113 stolis
1140 4055 1171 4113 11
1192 4071 1285 4112 aman
1308 4047 1507 4113 salutationis
1529 4047 1562 4111 in

404 4160 406 4164 ·
437 4132 504 4197 foro
538 4137 569 4198 11
601 4133 779 4218 praesidere
808 4135 841 4198 in
873 4133 1041 4219 synagogis
1071 4140 1103 4198 et
1125 4135 1302 4219 superiores
1324 4134 1506 4198 recumbere
1528 4131 1562 4195 in

437 4217 524 4282 cenis
566 4228 600 4282 47
623 4218 677 4302 qui
701 4220 869 4285 comedunt
890 4221 1001 4284 domus
1021 4219 1190 4283 uiduarum
1213 4230 1245 4286 et
1264 4219 1447 4284 occansione
1469 4219 1563 4301 longa

436 4303 602 4368 adorantes
625 4304 685 4388 ipsi
708 4305 865 4390 accipient
886 4304 1036 4369 abuntius
1057 4304 1219 4369 iudicium.

524 4389 625 4453 XXI.
672 4402 686 4452 1
718 4391 855 4475 Aspexit
886 4400 993 4454 autem
1022 4396 1054 4455 et
1082 4390 1164 4456 uidit
1187 4415 1239 4455 eos
1262 4389 1316 4474 qui
1339 4388 1508 4454 mittebant
1528 4386 1564 4451 in

366 4483 367 4488 ’
436 4474 686 4560 gazophilacium
709 4477 791 4540 dona
812 4499 868 4540 sua
891 4475 1016 4540 diuites,
1061 4476 1200 4540 2111111
1221 4487 1327 4540 autem
1350 4480 1383 4540 et
1406 4475 1564 4559 quendam

435 4560 566 4624 uiduam
594 4583 765 4646 pauperem
792 4561 971 4626 mittentem
998 4562 1060 4625 duc
1089 4585 1162 4626 aera
1194 4561 1317 4626 minuta
1367 4573 1385 4624 3
1417 4566 1449 4625 et
1482 4558 1564 4623 dixit
