3667 5284
424 408 463 476 74
924 402 976 456 Er.
997 419 1049 462 999.
1393 403 1422 457 O.
1442 406 1481 458 14.
1501 404 1542 458 15.

421 592 540 658 uenire.
584 604 617 662 21
641 599 671 658 91
693 591 783 658 uenit
805 615 914 662 seruus
942 599 974 656 91
995 590 1192 661 renuntiauit
1214 591 1276 658 duo
1299 613 1356 656 suo
1385 596 1417 656 et
1444 589 1544 658 iratus

420 677 678 764 pater·¹familias
711 677 793 745 dixit
821 700 911 742 seruo
941 676 989 740 illi
1016 677 1068 740 exi
1098 678 1160 742 cito
1189 676 1222 740 in
1249 677 1369 761 plateas
1399 684 1431 740 et
1456 675 1543 742 uicos

421 763 596 832 ciuitatis.
628 771 660 828 et
687 763 847 832 mendicos
870 768 901 828 et
923 762 1042 828 debiles
1062 768 1095 826 et
1117 762 1220 827 clodos
1242 768 1274 827 ct
1296 784 1403 826 caecos
1425 761 1544 847 perduc

421 849 488 916 hoc.
533 859 567 915 22
593 853 625 916 91
647 871 756 916 seruus
778 848 859 913 dixit
881 847 1001 914 factum
1027 854 1074 912 est
1100 848 1183 932 quod
1214 846 1332 914 iussisti
1357 899 1363 913 .
1388 858 1419 912 91
1441 846 1544 911 adhuc

419 936 541 999 locutus
564 940 618 998 est.
663 945 697 998 23
720 939 751 998 91
773 933 854 999 dixit
876 934 936 998 dns
958 933 997 998 ad
1019 956 1146 997 seruum
1169 932 1221 997 exi
1244 934 1276 997 in
1299 932 1369 996 uias
1385 941 1417 997 et
1435 954 1543 1016 saepes

420 1030 452 1084 91
475 1042 549 1104 coge
580 1020 773 1088 introeuntes
804 1019 974 1110 impleatur
1008 1017 1087 1082 mibi
1121 1018 1240 1084 domus.
1285 1028 1320 1084 24
1348 1017 1429 1082 Dico
1458 1017 1543 1081 enim
1649 1055 1657 1080 ›

421 1106 510 1172 uobis
532 1105 680 1190 quoniam
703 1127 795 1171 nemo
818 1127 858 1168 ex
880 1103 1063 1171 hominibus
1085 1103 1149 1167 illis
1171 1102 1315 1170 inuitatis
1341 1102 1482 1185 gustauit
1504 1103 1543 1167 de

420 1213 497 1256 cena
520 1213 597 1254 mea.
639 1201 673 1254 25
695 1189 931 1256 comitabantur
952 1197 1057 1254 eutem
1082 1211 1151 1256 oum
1175 1187 1267 1252 illum
1288 1189 1399 1253 turbae
1421 1193 1543 1252 919911-

422 1298 531 1343 uersus
559 1273 641 1340 dixit
672 1275 711 1340 ad
739 1275 818 1340 11199.
863 1285 897 1340 26
926 1274 952 1338 si
981 1274 1037 1358 qui
1059 1274 1149 1340 uenit
1170 1276 1209 1339 od
1239 1297 1289 1338 me
1318 1280 1363 1343 91,
1378 1297 1442 1338 non
1464 1272 1544 1341 odiit

420 1370 541 1446 patrem
573 1368 605 1426 91
633 1366 764 1426 matrem
795 1367 825 1424 et
855 1381 985 1424 uxorem
1016 1367 1048 1423 et
1078 1359 1159 1424 filios
1182 1373 1214 1424 91
1235 1359 1347 1424 fratres
1369 1367 1401 1422 et
1423 1381 1543 1424 sorores

420 1446 522 1513 adhuc
544 1453 576 1510 et
598 1447 735 1511 animam
757 1469 845 1512 suam
868 1468 932 1513 non
954 1453 1057 1530 potest
1079 1445 1202 1510 discens
1225 1468 1313 1510 meus
1336 1468 1412 1510 9999.
1454 1455 1488 1508 21
1511 1452 1544 1511 91

419 1531 448 1596 91
470 1555 533 1596 nou
548 1531 658 1596 tulerit
674 1552 797 1596 crucem
813 1553 902 1598 suam
918 1540 951 1596 et
966 1531 1088 1595 uenerit
1102 1537 1173 1615 post
1188 1553 1238 1594 me
1254 1581 1260 1592 .
1278 1553 1341 1594 non
1356 1536 1459 1615 potest
1474 1552 1542 1595 esse

419 1639 508 1684 meus
537 1615 716 1702 discipulus.
762 1627 796 1682 28
830 1615 911 1702 Quis
943 1625 1049 1680 autem
1083 1640 1124 1680 ex
1157 1615 1246 1680 uobis
1279 1615 1389 1680 uolens
1422 1621 1541 1680 turrem

419 1702 583 1768 aedificare
605 1725 667 1766 non
690 1702 792 1787 primo
814 1702 902 1766 sedet
925 1711 957 1766 et
979 1712 1129 1787 conputat
1149 1706 1310 1786 sumptum
1331 1699 1358 1766 si
1385 1701 1480 1766 habet
1503 1700 1542 1767 ad

419 1787 719 1855 consummationem
766 1797 799 1852 29
832 1811 872 1850 ne
901 1785 983 1851 forte
1019 1811 1089 1852 cum
1126 1786 1266 1871 posuerit
1301 1786 1542 1853 fundamentum
1578 1825 1583 1836 ·

419 1896 480 1938 non
504 1872 602 1957 possit
628 1871 791 1938 aedificare
816 1922 822 1933 .
847 1881 879 1936 91
907 1872 1094 1956 omnesqui
1121 1870 1232 1938 uident
1260 1871 1415 1958 incipient
1437 1871 1542 1935 dicere

418 1958 526 2026 301119
548 1958 641 2022 homo
664 1958 767 2042 coepit
789 1957 954 2022 aedificare
977 1964 1008 2022 et
1025 1980 1088 2022 non
1106 1957 1210 2042 potuit
1226 1957 1381 2042 perficere.
1417 1968 1451 2020 31
1471 1959 1542 2021 Aut

419 2043 474 2128 qui
495 2066 550 2108 rex
574 2043 692 2110 uadens
716 2042 911 2110 committere
941 2042 983 2106 ali
1013 2043 1079 2127 regi
1107 2043 1145 2106 ad
1172 2042 1290 2106 bellum
1318 2065 1381 2106 non
1403 2043 1541 2127 primum

419 2129 506 2194 sedet
528 2135 560 2192 et
582 2134 741 2213 computat
763 2129 788 2191 si
812 2135 923 2214 potens
947 2133 993 2192 est
1016 2151 1087 2192 oum
1102 2129 1139 2191 X
1154 2128 1242 2192 milia
1264 2126 1418 2194 militibus
1438 2150 1541 2196 occur·

419 2237 486 2280 rere
508 2215 538 2278 ei
562 2212 616 2296 qui
639 2237 710 2278 cum
732 2213 805 2280 XX
828 2213 916 2278 milia
932 2213 1086 2280 militibus
1101 2213 1198 2278 uenit.
1234 2219 1421 2278 3299191919
1438 2214 1542 2280 adhuc

418 2299 510 2382 longe
526 2306 573 2364 est
587 2303 691 2364 mittet
705 2299 898 2382 rogationem
915 2321 1027 2382 rogans
1043 2320 1160 2384 pacem.
1184 2310 1218 2363 33
1233 2298 1287 2364 Sic
1303 2321 1375 2381 ergo
1387 2297 1489 2363 omnis
1502 2321 1541 2362 ex

416 2383 505 2449 uobis
521 2383 575 2468 qui
592 2407 653 2449 non
672 2383 833 2449 renuntiat
847 2384 993 2449 omnibus
1008 2407 1089 2468 quae
1127 2384 1242 2448 ossidet
1256 2406 1317 2448 non
1334 2390 1437 2468 potest
1453 2406 1540 2452 meus

416 2469 587 2555 discipulus
610 2493 686 2536 esse.
720 2480 755 2534 34
776 2470 902 2537 Bonum
927 2476 974 2533 991
996 2469 1042 2533 sol
1064 2409 1124 2534 sed
1134 2468 1161 2535 si
1177 2470 1221 2534 sal
1237 2467 1428 2535 infatuatum
1444 2468 1539 2535 fuerit

416 2556 534 2638 inquo
564 2555 726 2620 condietur
757 2566 791 2619 35
814 2579 916 2640 neque
939 2554 1023 2620 enim
1046 2554 1217 2619 interram
1241 2577 1342 2638 neque
1358 2554 1391 2621 in
1407 2562 1536 2619 stercore

415 2650 521 2792 appium
553 2647 600 2705 est
628 2641 681 2706 sad
709 2639 790 2706 foras
818 2640 937 2706 iactant
967 2640 1046 2705 illud
1075 2640 1129 2725 qui
1156 2641 1249 2704 habet
1272 2663 1363 2705 aures
1392 2636 1536 2704 audiendi

415 2749 455 2793 au
480 2725 532 2790 iat.

500 2810 579 2877 XV.
614 2823 629 2874 1
645 2820 728 2874 erant
744 2816 849 2876 autem
865 2809 1152 2896 adpropinquantes
1169 2860 1174 2872 .
1192 2809 1240 2874 illi
1255 2814 1363 2875 omnes
1379 2808 1539 2896 publicani

416 2903 447 2962 et
492 2902 648 2962 occatores
677 2895 786 2960 audire
816 2919 887 2960 eum
932 2907 949 2958 2
981 2903 1012 2960 91
1047 2897 1285 2960 murmurabant
1317 2895 1475 2981 pharisaei
1509 2902 1540 2966 91

414 2919 534 3049 scribae
556 2981 696 3046 dicentes
720 2983 794 3065 quia
815 2981 867 3046 hic
889 2989 1068 3066 peccatores
1089 2981 1220 3066 suscipit
1242 2989 1274 3046 91
1300 2980 1439 3046 uescitur
1468 3004 1539 3050 cum

415 3067 487 3132 illis.
519 3079 536 3131 3
555 3066 648 3134 Dixit
670 3075 774 3132 autem
798 3067 837 3130 ad
861 3089 913 3130 eos
932 3066 1175 3132 similitudinem
1191 3067 1283 3131 istam
1316 3065 1419 3151 4quis
1442 3066 1539 3130 bomi-

415 3177 492 3218 num
512 3175 552 3216 ex
575 3152 664 3216 uobis
686 3152 816 3216 habiens
838 3175 913 3216 oues
937 3157 1063 3218 centum
1087 3161 1119 3216 91
1142 3176 1212 3216 cum
1234 3151 1406 3237 perdiderit
1421 3175 1460 3215 ex
1476 3151 1540 3219 11119

415 3262 512 3319 uuam
533 3261 596 3302 non
618 3236 776 3322 relinquet
797 3235 973 3306 XOVlIlI
995 3238 1028 3301 in
1051 3236 1220 3302 solitudine
1243 3245 1274 3302 et
1294 3237 1382 3302 uadit
1396 3237 1436 3300 ad
1451 3237 1539 3303 illam

415 3347 495 3408 quae
517 3322 655 3408 perierat
674 3346 827 3408 quaerens
851 3323 949 3386 donec
978 3322 1121 3386 inueniat
1148 3322 1244 3387 illam.
1289 3334 1305 3387 5
1334 3330 1366 3388 91
1394 3344 1468 3387 cum
1495 3321 1541 3389 in·

415 3409 538 3474 uenerit
571 3409 702 3494 inponet
733 3408 819 3472 illam
853 3407 885 3471 in
920 3430 1044 3472 umeros
1078 3430 1150 3472 suos
1182 3407 1321 3492 gaudens
1365 3419 1381 3472 6
1409 3414 1440 3472 91
1467 3431 1539 3474 oum

414 3496 538 3559 uenerit
560 3494 687 3558 domum
714 3515 890 3562 conuocans
913 3493 1030 3559 amicos
1051 3516 1124 3558 suos
1146 3499 1179 3557 91
1201 3493 1321 3558 uicinos
1345 3493 1452 3558 dicens
1474 3492 1539 3558 11119

414 3578 614 3664 gratulamini
638 3601 760 3646 mecum
785 3578 934 3663 quoniam
957 3578 1087 3642 inuenta
1110 3587 1157 3642 est
1179 3601 1255 3643 oues
1279 3602 1348 3643 mea
1371 3601 1432 3663 qua
1460 3577 1539 3663 peri·

414 3672 489 3730 erat.
539 3677 554 3728 1
584 3663 665 3728 Dico
693 3687 766 3747 ergo
793 3663 882 3728 uobis
912 3663 958 3728 919
986 3664 1046 3728 9111
1077 3663 1228 3747 gaudium
1258 3663 1291 3727 in
1325 3667 1410 3728 caelo
1444 3686 1539 3748 super

414 3773 513 3816 unum
533 3754 727 3834 poccatorem
743 3748 971 3834 paenitentiam
986 3754 1131 3833 agentem
1147 3771 1241 3832 quam
1256 3772 1350 3834 super
1364 3748 1539 3814 XCVIIII

414 3836 512 3902 iustos
545 3835 658 3916 quibus
687 3859 750 3900 non
778 3843 826 3900 est
852 3834 1047 3920 paenitentia
1078 3834 1262 3898 necessaria.
1307 3847 1324 3899 8
1354 3837 1425 3900 Aut
1457 3857 1538 3920 quae

413 3919 541 3986 mulier'
558 3921 675 3985 habens
708 3919 852 3984 denarios
886 3921 994 3984 decem
1023 3928 1055 3984 et
1083 3925 1108 3984 si
1137 3919 1309 4005 perdiderit
1341 3943 1441 3985 unum
1475 3942 1537 3988 nou

414 4005 557 4071 accendit
582 4005 742 4070 lucernam
772 4011 803 4070 et
830 4004 981 4070 emundet
1009 4006 1136 4069 domum
1160 4013 1191 4070 91
1218 4005 1341 4088 quaerit
1370 4005 1538 4088 diligenter

413 4091 513 4154 donec
534 4090 686 4155 inueniat.
724 4103 740 4155 9
763 4099 795 4155 91
817 4113 888 4156 cum
905 4090 1072 4155 inuenerit
1094 4097 1248 4155 conuocat
1269 4091 1386 4156 amicos
1409 4095 1440 4155 et
1464 4089 1537 4154 uici·

414 4198 470 4243 nos
500 4176 606 4240 dicens
632 4174 835 4258 gratulamini
862 4175 941 4242 mihi
968 4175 1043 4259 quia
1075 4175 1185 4240 inueni
1217 4198 1311 4259 quem
1340 4175 1538 4262 perdideram

413 4260 586 4330 denarium.
622 4271 656 4325 10
679 4259 733 4326 Sic
755 4261 823 4326 dico
846 4261 936 4326 uobis
958 4260 1108 4345 gaudium
1132 4261 1192 4325 erit
1211 4260 1244 4324 in
1261 4270 1430 4346 conspectu
1447 4283 1537 4344 ange·

413 4346 514 4413 lorum
532 4345 568 4410 -di
591 4368 684 4432 super
700 4370 798 4412 unum
813 4356 1007 4432 peccatorem
1024 4347 1220 4430 paenitentia
1235 4354 1356 4432 agente.
1395 4357 1428 4409 11
1443 4345 1539 4411 Dixit

413 4437 518 4499 autom
548 4431 640 4497 homo
671 4431 798 4516 quidam
826 4431 938 4496 habuit
967 4432 1044 4499 duos
1074 4431 1154 4496 filios
1207 4443 1239 4494 12
1270 4442 1302 4497 91
1329 4432 1411 4497 dixit
1433 4431 1539 4501 iunior
