3667 5284
306 507 337 560 O.
359 507 400 558 19.
421 507 462 558 20.
844 500 900 556 Iob.
1390 499 1434 561 47

307 717 431 759 murrae
455 691 600 755 9191999
630 693 721 774 quasi
747 687 842 752 libras
877 700 1011 752 centum.
1058 697 1092 752 to
1124 688 1328 771 Acceperunt
1360 709 1433 770 ergo

307 802 419 864 corpus
452 777 519 840 ihr'r‘t
551 786 582 840 et
618 777 799 861 ligaueruut
827 796 900 836 eum
928 797 999 837 cum
1027 773 1175 837 aromatis
1202 773 1283 837 sicut
1309 794 1434 855 moyses

306 864 428 929 iudaeis
452 861 584 948 sepelire
606 861 706 926 iussit.
751 868 784 921 41
807 859 886 922 Fuit
907 869 1014 922 autem
1037 861 1069 922 iu
1092 859 1160 923 loco
1182 857 1236 922 ubi
1251 860 1333 922 fixus
1349 855 1434 921 cruci

307 949 370 1014 fuit
397 954 482 1013 ortus
512 955 544 1012 et
572 948 605 1010 in
636 956 703 1011 orto
732 953 974 1009 monumentum
1004 966 1123 1007 nouum
1152 943 1185 1007 in
1208 966 1270 1027 quo
1292 943 1433 1007 nondum

329 1036 474 1119 uisquam
504 1039 572 1096 9191
596 1031 716 1116 positus
758 1039 798 1092 ’42
831 1037 959 1115 propter
988 1052 1065 1094 cena
1094 1052 1205 1112 puram
1240 1027 1315 1112 quia
1347 1027 1434 1091 iuata

307 1059 370 1185 luit
392 1120 458 1183 illic
479 1125 653 1204 posuerunt
675 1116 775 1180 illum.
1099 1128 1101 1131 ·

392 1203 472 1269 XX.
517 1201 690 1267 Posttridie
718 1199 841 1265 sabbati
869 1198 969 1263 maria
1003 1199 1186 1283 magdalene
1220 1198 1309 1262 uenit
1325 1219 1449 1261 ‘mane-

308 1312 381 1356 cum
402 1290 527 1353 adhunc
550 1287 676 1352 tenebre
699 1295 802 1350 esseut
824 1285 857 1348 in
880 1292 1120 1350 monumentum
1144 1290 1176 1349 et
1194 1284 1284 1348 uidet
1297 1283 1439 1369 lapidemv

215 1368 218 1374 ‘
308 1375 465 1442 sublatum
488 1375 528 1436 de
550 1376 765 1437 monumento.
809 1381 826 1433 2
849 1381 881 1434 91
903 1371 1041 1434 cucurrit
1063 1371 1102 1434 ad
1128 1370 1282 1434 simonem
1308 1378 1433 1454 petrum

309 1468 340 1526 et
362 1459 459 1525 911919
482 1458 671 1544 discipulum
696 1479 790 1541 quem
814 1457 939 1520 amabat
961 1465 993 1520 et
1016 1455 1092 1520 dicit
1113 1455 1177 1520 illis
1199 1456 1341 1520 tulerunt
1358 1455 1433 1518 dnfft

308 1548 346 1611 de
369 1554 572 1609 monumento
607 1548 638 1607 et
670 1565 733 1606 non
765 1541 829 1606 scio
857 1541 912 1604 ubi
939 1548 1112 1626 posueruut
1138 1563 1220 1604 9919.
1265 1552 1282 1605 3
1309 1539 1435 1604 Exiiuit

308 1654 381 1716 ergo
415 1639 522 1716 petrus
557 1633 588 1693 et
621 1627 701 1692 alius
735 1626 907 1712 discipulus
941 1636 973 1690 et
1006 1627 1094 1691 ibant
1124 1626 1164 1689 ad
1195 1630 1434 1690 mouumentum

307 1727 324 1780 4
347 1717 513 1781 currebant
535 1720 640 1778 autem
664 1713 755 1776 ambo
777 1712 872 1776 simul
894 1711 949 1775 sed
971 1712 1026 1776 ille
1048 1710 1129 1776 alius
1151 1710 1324 1796 discipulus
1350 1711 1435 1795 prior

308 1801 446 1868 cucurrit
479 1799 619 1864 uelocius
652 1808 740 1883 petro
775 1805 806 1862 et
839 1797 929 1861 uenit
966 1797 1005 1861 ad
1054 1804 1295 1861 monumentum
1353 1808 1369 1860 1
1403 1805 1435 1860 91

306 1885 500 1972 prospiciens
527 1884 616 1949 uidet
644 1885 672 1948 si
700 1882 802 1968 posita
830 1881 1017 1947 linteamina
1045 1905 1108 1946 nou
1135 1882 1265 1966 quidem
1291 1883 1434 1946 intrauit.

308 1985 325 2036 6
351 1975 442 2036 uenit
470 1993 543 2054 ergo
574 1968 814 2054 simonpetrus
847 1969 1040 2052 subsequens
1072 1991 1146 2032 eunt
1175 1974 1207 2033 et
1236 1967 1368 2032 intrauit
1400 1967 1434 2030 in
1527 1983 1532 1991 ·

309 2065 548 2122 monumentum
587 2103 593 2116 .
631 2061 663 2119 et
691 2054 780 2118 uidet
809 2053 996 2117 linteamina
1025 2052 1129 2139 posita
1178 2065 1192 2117 7
1229 2060 1262 2118 et
1297 2052 1435 2116 orarium

310 2143 394 2227 quod
421 2141 483 2205 fuit
509 2163 603 2226 super
632 2140 733 2225 capud
760 2138 827 2204 eius
857 2162 918 2202 1199
942 2162 1014 2203 9919
1037 2137 1274 2203 linteaminibus
1296 2137 1433 2224 positum

310 2229 364 2292 sed
386 2226 588 2311 singulariter
609 2225 755 2289 inuoluta
777 2224 957 2288 inuolutum
980 2225 1013 2288 in
1037 2247 1099 2288 uno
1122 2225 1189 2289 loco
1232 2236 1249 2289 8
1271 2232 1347 2288 tunc
1363 2246 1436 2306 ergo

309 2313 440 2378 intrauit
469 2322 501 2375 et
531 2310 611 2374 alius
634 2310 806 2397 discipulus
830 2309 883 2393 qui
906 2315 1036 2374 uenerat
1057 2309 1143 2395 prior
1166 2310 1204 2373 ad
1232 2309 1435 2394 sepulchrum

310 2405 341 2462 et
374 2397 457 2462 uidit
487 2402 519 2461 91
552 2395 692 2460 credidit.
745 2407 760 2458 9
794 2395 934 2459 nondum
970 2397 1054 2458 enirn
1085 2401 1216 2460 uouerat
1250 2395 1434 2460 scribturam

310 2482 384 2568 quia
407 2488 528 2568 oportet
551 2505 623 2546 eum
645 2503 808 2564 resurgere
830 2503 848 2544 a
877 2480 1017 2545 mortuis.
1042 2491 1097 2545 ’10
1125 2480 1285 2546 Abierant
1311 2503 1436 2544 rursum

306 2569 389 2655 apud
411 2590 445 2632 se
468 2566 624 2652 discipuli.
670 2577 702 2630 11
731 2565 830 2630 199119
859 2574 966 2630 991919
995 2567 1097 2630 stabat
1126 2567 1166 2630 ad
1194 2573 1434 2630 monumentum

305 2656 431 2740 plorans
454 2660 486 2717 et
508 2675 580 2716 cum
602 2653 692 2717 fleret
714 2649 875 2736 prospexit
897 2653 930 2714 in
954 2658 1193 2717 monumentum
1239 2663 1271 2714 12
1295 2661 1326 2717 91
1347 2651 1436 2716 uidet

306 2739 433 2824 angelos
456 2738 489 2802 in
512 2739 591 2802 albis
614 2737 759 2802 sedentes
783 2761 880 2800 unum
904 2737 943 2800 ad
967 2738 1067 2822 capud
1090 2744 1122 2801 et
1145 2761 1242 2801 unum
1259 2738 1298 2801 ad
1313 2737 1432 2821 pedes.

306 2825 361 2888 ubi
405 2824 521 2888 ositum
544 2823 606 2887 1911
629 2845 739 2908 corpus
762 2822 838 2886 ihm.
884 2833 917 2886 13
948 2833 980 2886 et
1010 2823 1119 2888 dicuut
1147 2822 1178 2886 ei
1201 2823 1277 2907 quid
1299 2824 1403 2908 ploras
1421 2850 1433 2884 ·.

308 2909 353 2974 911
374 2847 437 2972 illis
460 2907 610 2994 quoniam
633 2910 775 2973 tulerunt
794 2909 867 2970 dntTt
890 2931 996 2971 meum
1019 2916 1052 2973 91
1071 2907 1177 2973 999919
1193 2908 1247 2972 ubi
1262 2916 1437 2993 posuerunt

309 3017 390 3057 eum.
436 3002 479 3056 14·
498 2994 575 3057 baec
605 3017 675 3058 curn
699 2993 831 3058 dixisset
854 3016 1006 3071 conuersa
1028 3000 1076 3058 est
1098 3002 1181 3059 retro
1205 3003 1236 3058 91
1258 2993 1351 3058 uidet
1368 2993 1435 3056 ihm

298 3085 443 3144 91991919
468 3130 473 3142 .
498 3084 529 3143 91
551 3079 709 3143 nesciebat
732 3079 879 3162 quoniam
902 3080 954 3142 ihs
977 3084 1058 3144 esset
1102 3090 1135 3142 15
1157 3077 1233 3144 dicit
1255 3079 1307 3142 ihc
1323 3078 1437 3142 mulier

308 3163 385 3248 quid
412 3163 515 3248 plor'as
548 3170 602 3227 aut
630 3187 725 3248 quem
752 3187 883 3248 quaeres
913 3214 918 3225 .
950 3164 1006 3227 illa
1034 3165 1204 3228 aestimans
1232 3164 1436 3228 hortulanum

310 3272 380 3313 eum
405 3270 481 3313 esse.
516 3249 576 3313 Ait
598 3248 645 3313 illi
668 3248 730 3312 dne
754 3250 780 3312 si
804 3259 838 3312 tu
861 3272 934 3312 eum
956 3250 1058 3315 tulisti
1082 3250 1133 3314 dic
1156 3251 1235 3313 mihi
1257 3250 1310 3313 ubi
1334 3249 1436 3334 posui-

310 3333 366 3398 stis
390 3356 462 3398 eum
487 3382 492 3394 .
517 3342 553 3398 ut
576 3357 632 3416 ego
655 3358 728 3398 eum
750 3335 867 3398 tollam.
913 3346 946 3398 16
969 3335 1058 3400 Dicit
1081 3335 1110 3399 ei
1132 3334 1183 3398 1111
1206 3335 1304 3398 919119
1319 3335 1359 3398 ad
1381 3335 1437 3398 illa

310 3441 461 3484 conuersa
483 3417 561 3482 dicit
576 3419 606 3482 ei
622 3419 765 3484 hebreice
782 3419 910 3484 rabboni
927 3421 1010 3504 quod
1027 3420 1266 3506 interpretratur
1288 3419 1438 3504 magister

309 3511 342 3568 et
370 3504 443 3567 dne.
489 3515 521 3568 17
552 3504 641 3569 llicit
668 3504 783 3568 iterum
811 3505 859 3568 1111
888 3506 940 3568 119
969 3506 1034 3570 9911
1063 3530 1114 3570 919
1141 3518 1270 3588 tangere
1297 3506 1436 3570 noudum

310 3588 395 3654 99191
424 3589 552 3654 ascendi
579 3591 618 3653 ad
647 3599 767 3675 patrem
798 3591 879 3654 uade
908 3599 1013 3656 autem
1042 3591 1081 3654 ad
1110 3590 1224 3655 fratres
1246 3600 1279 3654 91
1301 3589 1352 3656 dic
1374 3591 1439 3656 illis

310 3675 443 3739 ascendo
466 3675 505 3739 ad
527 3683 649 3760 patrem
673 3698 776 3739 meum
801 3682 832 3740 et
853 3683 976 3761 patrem
999 3688 1138 3740 uestrum
1164 3729 1170 3740 .
1194 3677 1247 3739 d1'1't
1277 3699 1382 3740 meum
1406 3683 1439 3741 91

310 3760 362 3824 dut
385 3766 535 3824 uestrum.
581 3772 614 3825 18
641 3759 731 3824 uenit
760 3761 858 3824 maria
887 3762 1066 3844 magdaline
1099 3761 1249 3826 nuntians
1276 3762 1438 3848 discipulis

311 3846 386 3931 quia
408 3844 490 3910 uidit
513 3846 588 3908 dnu't
612 3854 643 3910 et
666 3868 747 3929 quae
770 3846 852 3910 dixit
874 3847 903 3911 ei
926 3846 1143 3912 manifestauit
1192 3858 1226 3912 29
1255 3870 1326 3912 9991
1356 3857 1439 3913 99991

311 3936 418 3995 autem
441 3953 571 4016 uespere
591 3930 646 3994 illa
662 3929 713 3995 die
735 3937 808 4017 post
830 3932 994 3996 sabbatum
1016 3932 1120 3997 ianuis
1144 3931 1256 3996 clausis
1278 3932 1332 3996 ubi
1349 3940 1439 3998 erant

310 4015 457 4101 discipuli
481 4015 604 4081 collecti
627 4022 753 4102 propter
776 4023 897 4081 metum
919 4017 1102 4082 iudaeorum
1127 4017 1216 4083 uenit
1237 4018 1440 4083 interstetit

310 4102 344 4165 iu
367 4100 506 4164 medium
530 4105 562 4166 et
584 4100 629 4166 ait
651 4100 715 4167 illis
737 4125 793 4187 pas
815 4102 988 4167 uobiscum.
1033 4113 1068 4168 20
1090 4109 1122 4168 91
1144 4125 1217 4167 9991
1233 4105 1292 4168 hoc
1308 4103 1440 4169 dixisset

312 4185 448 4250 ostendit
470 4185 534 4250 illis
557 4209 668 4252 manus
692 4195 724 4251 91
746 4189 828 4252 latus
851 4197 882 4252 91
904 4187 1007 4271 gauisi
1030 4195 1104 4253 sunt
1132 4189 1261 4273 disipuli
1285 4212 1354 4253 uiso
1376 4190 1439 4253 dno

312 4282 344 4334 21
368 4271 450 4337 dixit
472 4271 587 4336 iterum
611 4272 655 4337 eis
677 4295 740 4358 pax
762 4273 925 4337 uobiscum
948 4273 1030 4337 sieut
1052 4273 1137 4339 misit
1159 4298 1209 4339 me
1231 4280 1320 4359 pater
1335 4281 1367 4338 et
1381 4297 1439 4357 ego

313 4355 403 4420 mitto
427 4379 491 4421 uos.
526 4359 654 4423 2211999
671 4380 743 4423 cum
766 4357 901 4423 dixisset
919 4358 1083 4425 insuflauit
1104 4366 1136 4423 91
1154 4360 1199 4424 ait
1219 4359 1283 4424 illis
1306 4359 1440 4444 accipite

313 4451 381 4538 spt'rt
403 4449 547 4507 sanctum
590 4454 624 4507 23
653 4443 681 4509 91
709 4443 761 4508 991
788 4444 979 4510 191919911199
1008 4453 1135 4527 peccata
1162 4444 1364 4509 remittentur
1391 4443 1440 4507 illi

313 4549 341 4591 91
363 4526 450 4592 cuius
473 4528 668 4595 detinueritis
692 4529 819 4595 detenta
842 4537 943 4595 erunt.
987 4539 1022 4593 24
1044 4531 1183 4594 Thomas
1205 4552 1288 4594 unus
1310 4553 1350 4593 ex
1365 4530 1440 4593 ΧΠ
