3667 5284
859 536 886 591 V

307 728 395 794 nulla
405 759 406 764 ¹
417 725 550 805 vestigia
565 725 740 792 sectionum
757 725 924 791 Ammonii
940 730 972 792 et
988 724 1304 790 canonum'Eusebii:
1328 763 1371 772 -
1392 749 1433 791 ex

307 813 357 878 his
372 819 404 878 91
419 812 489 878 91119
505 811 629 878 indiciis
644 810 805 897 probabile
821 817 868 877 est
883 809 1024 877 codicem
1035 817 1155 896 qvarto,
1168 809 1300 877 fortasse
1311 811 1431 896 quinto,

309 898 424 964 saeculo
447 898 598 984 scriptum
622 920 698 962 esse.
1291 900 1293 903 ’

394 983 444 1048 De
479 984 579 1070 patria
614 981 729 1048 codicis
750 982 934 1047 'notandum
971 987 1019 1047 est
1055 985 1176 1047 textum
1214 982 1252 1046 ab
1289 982 1433 1048 omnibus

310 1068 466 1135 codicibus
498 1067 591 1147 rotie,
626 1091 703 1154 quos
739 1068 772 1132 in
804 1067 901 1133 Italia
929 1071 1012 1133 ortos
1044 1090 1113 1132 esse
1149 1067 1295 1146 creditur,
1333 1069 1432 1134 multo

309 1154 448 1227 differre;
484 1179 523 1220 ex
552 1155 610 1219 hoo
639 1161 671 1218 et
692 1177 733 1218 ex
766 1153 834 1218 eins
856 1151 1010 1218 affinitate
1042 1159 1167 1238 patrum
1199 1152 1432 1229 Africanorum,

310 1239 462 1326 Cypriani
484 1245 515 1306 et
538 1239 681 1320 aliorum,
704 1243 834 1324 apparet
857 1237 995 1304 codicem
1010 1238 1223 1347 verisimiliter
1237 1238 1320 1325 apud
1336 1238 1434 1305 Afros

223 1329 224 1332 ’
309 1334 412 1391 crtum
435 1348 511 1390 esse.

395 1409 613 1487 Tischendorf,
637 1433 708 1474 cum
733 1410 814 1474 1847
838 1432 928 1475 suam
950 1408 1122 1476 editionem
1144 1413 1276 1482 curaret,
1299 1408 1434 1474 nescivit
1489 1443 1491 1448 v

309 1499 455 1561 undeet
484 1496 606 1580 qvando
635 1501 706 1580 post
737 1496 820 1560 1800
854 1494 991 1560 codicem
1020 1494 1242 1562 Vindobonam
1277 1495 1433 1581 perlatum

308 1583 415 1646 fuisse.
468 1580 531 1646 Sed
563 1582 645 1646 1880
678 1580 814 1646 feliciter
847 1581 941 1654 Hort,
974 1579 1053 1666 prof.
1089 1579 1367 1662 cantabrigiensis,
1399 1580 1433 1644 in

309 1667 509 1754 ephemeride
525 1665 613 1732 «The
623 1666 805 1750 Academy»
822 1665 1078 1731 commemoravit
1092 1665 1229 1731 codicem
1243 1666 1281 1729 ab
1292 1666 1433 1731 Arevalo

309 1751 341 1816 in
369 1775 426 1818 sua
448 1751 586 1817 editione
611 1751 783 1816 «Historiae
806 1751 998 1836 evangelicae
1020 1750 1184 1831 quenci»,
1213 1753 1325 1816 Romae
1350 1753 1433 1817 1792
1497 1774 1502 1784 ·

309 1839 468 1919 collatum,
492 1843 524 1903 91
546 1837 760 1922 apographum
785 1836 853 1901 eius
868 1859 886 1900 a
902 1836 1036 1902 Bonello
1050 1837 1176 1902 factum
1199 1859 1276 1903 esse.
1305 1837 1432 1901 Deinde

309 1929 419 1988 notum
443 1929 490 1988 est
513 1923 649 1988 codicem
674 1928 767 1996 99199
789 1921 936 1988 'tridenti
958 1929 1162 1997 asservatum,
1188 1923 1270 1986 1762
1296 1924 1432 1987 Romam

309 2009 440 2074 mIssum
471 2007 511 2072 ad
542 2008 720 2093 Josephum
752 2007 976 2082 Blanchinum‚
1012 2007 1162 2072 editorem
1197 2007 1434 2091 «Evangeliarii

310 2092 550 2179 quadruplicis»,
581 2098 688 2178 postea
717 2092 904 2158 Tridentum
934 2094 1081 2158 reducem
1108 2103 1140 2159 et
1162 2093 1297 2178 deniqve
1320 2093 1433 2158 deinde

310 2178 530 2245 Vindobonam
554 2180 717 2264 perlatum,
740 2178 878 2264 primurn
900 2178 933 2243 in
957 2177 1105 2255 archivio,
1135 2178 1249 2243 deinde
1270 2179 1303 2242 in
1327 2178 1433 2244 biblio·

309 2264 399 2329 theca
442 2264 581 2349 palatina
622 2264 800 2350 depositum
839 2287 915 2329 esse.
979 2264 1208 2350 Apographum
1245 2264 1360 2330 codicis
1400 2264 1433 2328 in
1484 2266 1486 2269 ’

309 2349 497 2415 bibliotheca
520 2349 741 2416 Vallicelliano
765 2351 874 2414 Romae
890 2349 941 2432 (U.
963 2350 1017 2430 54)
1038 2354 1223 2415 asservatur.
1261 2350 1433 2435 Postqvam

309 2436 367 2500 hoc
389 2436 602 2521 apographum
626 2435 744 2500 factum
767 2435 838 2516 fuit,
862 2435 924 2500 dno
947 2434 1022 2499 folia
1037 2441 1070 2499 91
1084 2435 1255 2501 demidiam
1272 2459 1312 2500 ex
1329 2436 1432 2501 codice

213 2569 215 2573 «
309 2521 471 2605 deperdita
487 2529 576 2600 sunt;
601 2544 698 2585 unum
715 2543 832 2599 eorum,
849 2521 941 2585 modo
956 2519 1072 2602 ignoto,
1087 2520 1262 2585 Dublinnm
1278 2523 1432 2606 perlatum

309 2612 357 2672 991
379 2611 411 2671 91
433 2606 477 2671 111
499 2606 547 2670 bis
570 2605 690 2671 editum
713 2605 741 2690 (a
764 2606 854 2671 'l'odd
880 2605 914 2670 in
940 2606 1170 2690 ‹Proceedings
1192 2606 1227 2672 of
1245 2607 1330 2672 Irish
1351 2608 1432 2671 Aea·

309 2693 420 2772 demy»
449 2693 528 2755 1847
553 2697 585 2756 91
606 2693 645 2756 ab
670 2692 775 2765 Abbot
797 2691 940 2756 inuPar
967 2691 1272 2777 palimpcestoruw,
1298 2692 1433 2756 Dublini

311 2778 415 2856 1880).
461 2777 582 2842 Toxlus
598 2776 693 2842 trium
709 2777 856 2841 foliorum
870 2777 992 2855 horum,
1009 2801 1092 2843 nunc
1108 2801 1149 2842 ex
1164 2777 1271 2843 codice
1293 2777 1433 2863 deperdi-

309 2867 421 2938 tcrum,
461 2886 501 2926 ex
530 2861 590 2928 isto
621 2863 798 2948 apographo
828 2863 865 2927 ab
896 2862 1036 2946 Hugone
1064 2862 1181 2941 trinke,
1211 2863 1277 2928 viro
1308 2863 1431 2928 doct-iss.

310 2947 561 3022 Vratielaviensi,
592 2948 694 3012 editus
723 2948 824 3013 estin
851 2947 1160 3032 «Sitzungsberiobte
1182 2948 1237 3013 der
1259 2949 1433 3015 Academia

311 3031 339 3094 d.
363 3030 655 3098 wissenschaften»
680 3033 839 3098 Munchon
864 3035 957 3112 1893,
979 3057 1009 3118 p.
1034 3035 1105 3097 281.
1151 3033 1290 3099 Textum
1319 3036 1457 3100 horum'

313 3115 459 3180 foliorum
481 3123 517 3181 ut
539 3119 791 3202 supplementum
814 3118 931 3184 codicis
953 3119 1005 3184 hic
1028 3118 1185 3184 dabimus:
1428 3150 1430 3155 ·

395 3202 531 3266 Matth.
548 3203 650 3281 XIII,
666 3205 705 3267 13
723 3253 728 3264 .
745 3253 751 3266 .
766 3255 772 3268 .
788 3252 794 3265 .
811 3212 842 3270 et
858 3204 1021 3283 audientes
1036 3227 1100 3269 non
1111 3205 1242 3270 audiant
1257 3229 1297 3268 ne
1311 3204 1432 3270 intelle·

310 3291 386 3369 gant
407 3311 448 3352 ne
470 3288 593 3371 quando
620 3293 804 3353 conuertant
827 3311 870 3354 se.
918 3293 959 3354 14
984 3297 1016 3355 91
1038 3296 1114 3355 1999
1135 3290 1308 3375 replebitur
1329 3291 1362 3354 19
1386 3291 1432 3356 919

310 3373 434 3456 profitia
449 3371 552 3436 eseiae
568 3373 706 3438 dicentes
722 3373 802 3438 uade
818 3380 851 3439 91
872 3374 922 3439 die
936 3376 1053 3460 populo
1067 3374 1142 3439 huic
1164 3375 1274 3440 auditu
1296 3375 1432 3440 audietis

311 3463 343 3523 91
364 3480 427 3522 999
449 3456 634 3542 intellegitis
657 3465 687 3523 91
710 3457 853 3524 uidentes
875 3459 1025 3524 uidebitis
1048 3467 1080 3524 et
1102 3483 1165 3524 non
1188 3460 1345 3525 uidebitis.
1392 3463 1432 3526 15

309 3543 524 3628 Ingressatum
548 3548 595 3608 est
610 3542 694 3608 enim
706 3588 708 3594 ι
718 3565 770 3608 cor
791 3545 899 3630 populi
921 3545 1016 3610 huius
1031 3552 1063 3610 91
1077 3546 1205 3610 auribus
1219 3546 1359 3629 grauiter
1380 3570 1431 3612 au-

311 3627 437 3693 dierunt
452 3636 484 3692 et
499 3629 603 3693 oculos
619 3652 727 3693 eorum
749 3629 880 3712 ingrana
895 3653 933 3694 ne
950 3637 1136 3696 conuertunt
1150 3653 1184 3695 se
1199 3636 1231 3696 91
1245 3653 1353 3696 sanem
1369 3655 1429 3698 eos.

313 3716 352 3778 16
375 3715 508 3780 Uestras
538 3721 643 3780 autem
667 3715 775 3779 beatae
808 3738 899 3780 aures
930 3722 962 3779 et
990 3716 1073 3780 oculi
1102 3715 1200 3781 uestri
1226 3716 1282 3800 qui
1311 3716 1430 3783 uident.

312 3801 351 3862 17
375 3800 482 3863 Arnen
505 3798 574 3864 dico
589 3798 678 3865 uobis
702 3799 849 3884 quoniam
865 3801 957 3865 multi
973 3800 1112 3885 profetae
1128 3808 1161 3865 et
1174 3801 1251 3866 19911
1266 3803 1432 3889 cupierunt

311 3883 419 3948 uidere
448 3907 528 3968 quae
552 3885 667 3950 uidetis
689 3892 721 3948 et
743 3886 852 3950 audire
875 3909 955 3971 quae
977 3886 1094 3951 auditis
1116 3893 1147 3951 91
1168 3910 1231 3950 999
1254 3889 1430 3954 audierunt.

313 3971 352 4034 18
376 3971 440 4034 Uos
463 3975 569 4035 antem
598 3970 704 4034 audite
737 3971 899 4056 parabolas
921 3971 1113 4036 seminantis.
1158 3974 1209 4035 ¹19
1232 3973 1345 4044 Omnis
1378 3974 1433 4059 qui

311 4055 400 4119 audit
422 4056 553 4120 uerbum
576 4055 665 4139 regni
688 4061 719 4120 et
734 4079 796 4120 non
812 4056 970 4141 intellegit
985 4057 1073 4122 uenit
1089 4059 1191 4122 malus
1207 4058 1334 4144 etrapit
1349 4061 1431 4143 qnod

310 4140 501 4210 seminatum
523 4145 570 4205 est
592 4141 624 4204 in
647 4141 738 4206 corde
767 4141 834 4206 eius
858 4142 910 4207 hic
933 4151 980 4206 est
1012 4141 1101 4207 iuxta
1133 4143 1220 4207 uiam
1249 4145 1430 4209 seminatus.

311 4228 352 4291 20
376 4225 478 4310 Super
501 4232 607 4290 autem
629 4230 753 4312 petrosa
775 4226 949 4292 seminatus
971 4227 1023 4292 hic
1045 4229 1168 4313 estqui
1190 4229 1278 4294 audit
1300 4231 1431 4294 uerbum

311 4320 435 4375 etcum
458 4311 572 4394 gaudio
601 4311 733 4397 suscipit
760 4311 859 4376 illum.
916 4314 955 4376 21
991 4317 1023 4378 91
1054 4337 1118 4378 999
1151 4315 1269 4380 habens
1295 4314 1431 4379 radicem

311 4394 345 4459 in
379 4420 412 4462 se
444 4396 499 4462 sed
525 4397 706 4482 temporalis
736 4396 819 4480 facta
851 4403 957 4462 autem
989 4399 1133 4483 angustia
1166 4407 1220 4465 991
1249 4400 1432 4484 persecutio-

316 4504 387 4544 nem
410 4486 536 4567 propter
558 4483 689 4547 uerbum
713 4482 860 4548 continuo
883 4484 1118 4549 scandalizatur.
1165 4486 1206 4548 22
1235 4484 1299 4568 Qui
1327 4493 1433 4549 autem

315 4565 348 4628 in
373 4566 472 4653 spinis
494 4567 666 4632 seminatur
687 4568 739 4632 hic
761 4573 809 4634 est
835 4569 890 4654 qui
922 4570 1010 4634 audit
1040 4571 1169 4634 uerbum
1198 4577 1229 4634 et
1256 4569 1432 4635 sollicitudo
