3667 5284
402 516 445 579 68
810 514 814 519 ’
906 515 956 581 Er.
976 531 1027 569 seo.
1375 517 1405 570 C.
1426 520 1466 570 10.
1486 521 1527 571 11.

404 702 450 765 1111
480 702 534 785 qui
562 701 715 767 inciderat
743 703 776 766 in
803 705 949 768 latrones.
1001 715 1034 767 37
1058 705 1119 768 1111
1141 711 1246 768 autern
1270 704 1352 769 dixit
1374 705 1429 788 qui
1451 705 1528 770 fecit

405 788 646 853 misericordiam
679 808 749 853 oum
779 812 815 853 eo
840 839 845 849 .
870 789 952 851 dixit
980 799 1086 852 autern
1113 790 1160 853 illi
1184 789 1234 852 ihs
1258 791 1338 854 uade
1360 796 1392 854 et
1414 800 1449 854 tu
1478 790 1528 854 fac

404 873 559 938 similiter.
603 884 636 937 38
659 873 793 938 Factum
817 881 864 938 est
885 882 992 937 autem
1014 897 1085 938 cum
1108 875 1304 940 ambularent
1333 884 1365 939 et
1394 875 1460 960 ipse
1483 877 1527 940 in·

404 957 513 1023 troiuit
546 959 578 1022 in
609 960 765 1042 quendam
799 958 962 1024 castellum
993 1011 999 1022 .
1028 959 1143 1024 mulier
1175 966 1280 1024 autem
1308 960 1442 1043 quedam
1477 961 1528 1025 cui

403 1067 517 1109 nomen
541 1053 608 1108 erat
631 1045 753 1108 martha
775 1044 900 1129 excepit
922 1045 1011 1107 illurn
1035 1045 1069 1108 in
1092 1045 1183 1109 domo
1205 1069 1262 1109 sua
1293 1057 1327 1110 39
1350 1046 1439 1110 cuius
1464 1045 1528 1111 fuit

404 1152 489 1193 soror
511 1129 610 1193 maria
632 1151 712 1212 quae
735 1130 862 1194 sedebat
883 1130 923 1191 ad
946 1131 1041 1213 pedes
1062 1130 1117 1194 dni
1140 1141 1172 1194 et
1194 1130 1342 1195 audiebat
1368 1155 1527 1196 sermones

404 1216 480 1278 eius,
504 1223 539 1280 40
555 1215 677 1278 martha
693 1223 799 1278 autem
815 1216 1004 1279 auocabatur
1021 1265 1026 1277 .
1044 1215 1125 1279 circa
1141 1217 1276 1280 multum
1293 1216 1501 1280 ministerium
1520 1269 1525 1279 .

402 1299 523 1364 adstitit
558 1305 661 1364 autem
695 1311 726 1365 11
755 1300 836 1364 dixit
865 1299 926 1364 (1111
959 1324 1022 1364 non
1051 1301 1188 1384 pertinet
1217 1302 1256 1363 ad
1280 1311 1310 1364 te
1338 1301 1412 1384 quia
1441 1325 1528 1366 soror

405 1409 474 1450 inea
495 1384 631 1470 reliquid
655 1409 705 1448 me
728 1386 826 1449 solam
850 1385 1029 1449 ministrare
1051 1387 1101 1450 dic
1117 1408 1190 1468 ergo
1206 1386 1253 1448 illi
1269 1392 1305 1451 ut
1320 1411 1370 1450 me
1385 1387 1524 1450 adiuuet.

403 1481 436 1534 41
459 1471 636 1556 Respondit
658 1477 763 1535 autern
788 1481 819 1535 et
841 1470 923 1534 dixit
945 1471 991 1534 illi
1014 1472 1065 1534 ihs
1086 1472 1208 1534 martha
1224 1473 1347 1536 martha
1379 1473 1528 1536 42111111

404 1558 516 1620 borram
539 1568 659 1640 partem
683 1557 778 1638 elegit
801 1579 881 1640 quae
905 1579 967 1619 non
991 1557 1150 1620 auferetur
1173 1558 1211 1620 ei.

489 1642 551 1705 ΧΙ.
598 1653 613 1704 1
638 1641 770 1706 Factum
799 1649 846 1705 est
874 1649 979 1705 autem
1008 1665 1079 1705 curn
1103 1650 1184 1706 esset
1214 1642 1281 1726 ipse
1310 1642 1343 1704 in
1366 1641 1432 1706 loco
1456 1666 1528 1727 quo

404 1727 474 1790 darn
510 1749 601 1791 orans
633 1727 787 1812 quomodo
817 1726 953 1790 cessauit
986 1727 1068 1791 dixit
1103 1728 1231 1810 quidam
1265 1751 1306 1791 ex
1334 1728 1527 1792 discentibus

404 1812 533 1876 eiusad
556 1836 628 1876 eum
650 1812 776 1876 domine
799 1812 875 1876 doce
898 1835 955 1876 nos
977 1836 1065 1876 orare
1088 1812 1169 1877 sieut
1192 1819 1223 1877 et
1246 1813 1397 1877 iohannes
1420 1813 1528 1877 docuit

404 1897 560 1962 discentes
589 1921 667 1962 snos.
714 1909 730 1961 2
756 1899 817 1961 1111
846 1905 951 1960 autem
981 1897 1063 1961 dixit
1094 1898 1158 1962 illis
1188 1922 1258 1962 cum
1289 1904 1391 1962 oratos
1421 1897 1526 1963 dicite.

405 1984 501 2048 Pater
530 1989 636 2047 noster
665 1983 721 2068 qui
750 2006 783 2046 11
805 1981 838 2046 in
862 1983 956 2046 caelis
985 1983 1196 2047 sanctificetur
1222 2006 1336 2046 nomen
1365 1990 1455 2047 tuum
1478 1984 1528 2047 ad-

404 2069 513 2133 ueniat
540 2091 673 2151 regnum
701 2074 791 2132 tuum
823 2069 877 2131 fiat
905 2068 1052 2133 uoluntas
1079 2076 1134 2131 tua
1162 2068 1195 2131 in
1226 2069 1312 2132 caelo
1335 2073 1367 2132 et
1388 2068 1529 2133 interra

404 2166 555 2234 3panem
578 2163 719 2218 nostrum
743 2153 937 2218 cotidianum
969 2153 1119 2217 danobis
1142 2153 1236 2217 hodie
1279 2163 1297 2215 4
1322 2161 1355 2217 11
1385 2148 1528 2219 <tramitte

405 2240 494 2302 nobis
523 2238 629 2303 debita
658 2253 690 2303 et
717 2244 845 2323 peccata
869 2275 1166 2284 ——————
1198 2249 1233 2301 24
1255 2275 1295 2283 -
1318 2276 1360 2282 -
1388 2245 1529 2304 reuertar

405 2325 438 2387 in
472 2325 599 2388 domurn
633 2348 735 2388 meam
769 2325 852 2387 unde
887 2323 975 2387 exiui
1017 2334 1051 2387 25
1080 2331 1112 2388 11
1145 2347 1216 2388 oum
1249 2324 1375 2388 uenerit
1403 2325 1528 2390 inuenit

404 2410 607 2473 emundatam
641 2418 672 2473 et
690 2409 898 2494 *conpositam
942 2419 976 2472 26
1009 2416 1084 2473 tunc
1115 2410 1204 2473 uadit
1239 2415 1271 2473 et
1304 2409 1441 2473 adsumit
1474 2410 1527 2474 ille

405 2518 508 2579 nequa
531 2495 609 2559 alios
631 2503 718 2578 septe
741 2495 866 2579 spiritos
888 2493 1056 2576 nequiores
1079 2517 1112 2558 se
1135 2499 1166 2558 et
1188 2493 1310 2558 introiit
1326 2509 1357 2558 et
1372 2495 1526 2559 inhabitat

405 2586 437 2645 et
458 2583 539 2644 fiunt
560 2581 732 2644 nouissima
755 2579 892 2644 hominis
913 2579 1009 2644 huius
1033 2579 1188 2643 deteriora
1207 2580 1372 2665 prioribus.
1404 2580 1525 2643 27111-

405 2671 472 2730 111111
489 2670 536 2729 111
551 2671 656 2728 autem
673 2690 742 2729 cum
759 2666 818 2730 ista
833 2664 952 2729 diceret
967 2664 1081 2728 mulier
1096 2665 1249 2749 quaedam
1265 2665 1385 2728 leuauit
1400 2688 1474 2729 uoce
1487 2664 1525 2728 de

405 2751 505 2814 turbis
521 2758 552 2814 11
570 2751 652 2814 dixit
669 2751 713 2814 illi
731 2752 841 2815 beatus
859 2755 970 2814 uenter
986 2750 1042 2833 qui
1061 2750 1189 2815 sustulit
1204 2757 1237 2814 et
1254 2774 1408 2813 mammae
1426 2749 1526 2833 quite

405 2838 608 2900 lactauerunt.
653 2836 782 2922 281111
809 2843 915 2900 auteur
945 2835 1026 2900 dixit
1048 2835 1144 2899 immo
1167 2837 1222 2918 qui
1245 2836 1378 2899 audiunt
1399 2837 1529 2900 uerbum

406 2922 437 2985 di
460 2929 492 2985 et
514 2920 702 2986 custodiunt.
744 2932 778 2986 29
801 2929 832 2986 11
855 2944 926 2985 curn
948 2922 1058 2984 turbae
1075 2920 1294 3004 colligerentur
1310 2921 1411 3006 coepit
1428 2921 1529 2985 dicere

405 3007 565 3091 generatio
591 3006 652 3071 ista
684 3006 845 3088 generatio
875 3005 1011 3090 pessima
1038 3012 1114 3070 111.
1152 3017 1172 3070 Λ1
1200 3007 1326 3089 signum
1353 3007 1478 3091 quaerit
1500 3011 1531 3070 et

363 3135 365 3139 -
405 3093 530 3175 signum
552 3115 615 3156 non
639 3092 764 3156 dabitur
786 3091 833 3155 illi
855 3091 918 3154 nisi
940 3091 1065 3175 signum
1087 3091 1180 3156 ionae
1202 3091 1344 3177 profetae
1386 3103 1421 3156 30
1450 3092 1532 3155 sicut

405 3179 491 3242 enim
507 3177 568 3241 fuit
582 3177 670 3241 ionas
686 3177 719 3241 in
734 3184 847 3241 uentre
863 3176 942 3241 coeti
958 3178 1058 3241 tribue
1074 3177 1184 3241 diebus
1200 3182 1232 3241 et
1246 3176 1346 3242 tribus
1362 3176 1506 3241 noctibus
1523 3226 1529 3238 .

405 3263 450 3327 sic
473 3263 532 3326 erit
554 3263 637 3327 filius
659 3262 795 3327 hominis
818 3262 851 3325 in
875 3285 927 3326 cor
950 3267 1058 3326 terrae.
1095 3273 1129 3325 31
1145 3263 1254 3346 regina
1269 3261 1366 3326 austri
1389 3268 1532 3344 resurget

405 3349 439 3411 in
461 3348 577 3412 iudicio
601 3370 672 3412 cum
694 3348 772 3412 uiris
794 3347 1006 3430 generationis
1028 3347 1124 3411 huius
1148 3356 1179 3412 11
1207 3347 1431 3412 condemnauit
1459 3347 1530 3412 illos

405 3433 480 3518 quia
502 3433 591 3498 uenit
614 3457 632 3496 a
653 3433 768 3498 finibus
791 3442 891 3498 terrae
922 3433 1031 3496 audire
1058 3432 1245 3517 sapientiam
1275 3431 1445 3496 solomonis
1469 3485 1475 3497 .
1500 3439 1532 3497 11

406 3541 478 3583 1111
504 3519 575 3603 plus
604 3519 763 3583 solomone
789 3519 842 3582 hic
886 3529 920 3583 32
950 3519 1012 3581 uiri
1039 3517 1221 3582 ninaeuitae
1243 3524 1409 3602 resurgent
1430 3517 1464 3581 in
1486 3517 1531 3581 iu-

406 3604 487 3668 dicio
510 3627 581 3667 curn
604 3605 663 3667 ista
685 3604 887 3686 generatione
903 3607 934 3668 et
949 3604 1143 3667 damnabunt
1157 3603 1244 3666 illam
1260 3603 1335 3688 quia
1350 3602 1410 3687 ipsi
1426 3603 1532 3688 paeni·

406 3689 538 3754 tentiam
560 3695 723 3773 gesserunt
745 3689 778 3752 in
809 3689 1077 3774 praedicationem
1100 3689 1191 3752 ionae
1214 3697 1247 3752 et
1269 3712 1339 3753 ecce
1362 3689 1433 3773 plus
1456 3688 1529 3752 iona

406 3775 458 3838 hic
481 3781 536 3838 est.
581 3786 615 3839 33
645 3775 749 3838 Nemo
775 3775 936 3846 lucernam
965 3773 1108 3838 accendit
1130 3781 1162 3838 et
1183 3773 1274 3859 ponit
1296 3775 1353 3837 sub
1383 3775 1531 3838 absconso

406 3882 509 3943 neque
529 3860 705 3924 submodio
727 3860 781 3924 sed
804 3883 897 3944 super
921 3860 1140 3923 candelabrum
1163 3872 1198 3923 ut
1213 3859 1408 3923 introeuntes
1422 3861 1530 3923 lumen

320 3955 324 3962 '
407 3945 544 4009 uideant.
579 3946 754 4009 3411111111
772 3945 857 4009 enim
877 3945 1013 4029 corporis
1028 3945 1076 4008 tui
1095 3951 1142 4009 est
1158 3945 1266 4009 oculus
1281 3951 1355 4007 tuus
1371 3994 1377 4005 .
1395 3945 1422 4008 si
1436 3943 1533 4008 fuerit

406 4031 515 4094 oculus
544 4038 618 4094 tuus
647 4031 782 4115 simplex
809 4037 842 4094 et
870 4038 971 4094 toturn
1000 4053 1111 4114 corpus
1141 4039 1231 4093 tuum
1260 4028 1492 4093 lucidumerit
1523 4079 1529 4091 .

406 4139 477 4178 cum
502 4122 608 4178 autern
631 4121 832 4180 excaecatum
854 4115 951 4179 fuerit
973 4124 1005 4179 et
1020 4138 1131 4200 corpus
1146 4122 1236 4178 tuum
1257 4117 1456 4180 tenebrosum
1473 4120 1529 4178 est.

405 4211 441 4263 35
463 4200 490 4263 11
513 4223 585 4282 ergo
608 4202 713 4264 lumen
738 4202 820 4285 quod
843 4210 890 4265 111
912 4201 945 4263 in
969 4203 1167 4265 tetenebrae
1189 4207 1264 4264 sunt
1286 4201 1434 4264 tenebrae
1456 4206 1530 4263 tuae

407 4289 543 4369 quantae
567 4291 647 4350 sunt.
692 4298 725 4350 37
749 4288 791 4350 Et
815 4310 886 4350 cum
908 4286 1090 4370 loqueretur
1111 4286 1189 4349 haec
1211 4285 1291 4370 petit
1314 4286 1352 4349 ab
1369 4309 1404 4348 1ο
1428 4285 1531 4370 phari-

408 4395 498 4434 saeus
522 4369 649 4454 quidam
672 4381 707 4436 ut
729 4373 896 4456 pranderet
911 4376 987 4456 aput
1009 4371 1113 4455 ipsum
1139 4419 1144 4431 .
1169 4371 1248 4435 abiit
1264 4379 1371 4434 autem
1393 4379 1425 4434 et
1445 4393 1530 4434 recu·
1620 4412 1623 4417 -

407 4456 476 4520 buit
518 4469 552 4521 38
574 4458 756 4541 pharisaeus
783 4461 888 4520 autem
923 4457 1027 4541 coepit
1059 4456 1143 4540 apud
1176 4478 1209 4519 se
1243 4464 1393 4540 reputans
1427 4455 1531 4520 dicere

406 4566 503 4627 quare
526 4567 588 4606 non
612 4542 712 4628 primo
735 4541 908 4628 baptizauit
930 4554 1003 4606 ante
1026 4541 1204 4626 prandium.
1249 4553 1283 4605 39
1308 4541 1402 4606 Dixit
1424 4550 1531 4605 autem
