3667 5284
305 480 334 536 O.
354 483 379 535 5.
833 444 899 534 Luc.
1388 481 1429 544 57

304 666 474 755 piscatores
495 667 575 733 retia
595 667 745 732 lauabaut
787 672 859 732 301
886 665 1028 732 ascendit
1054 665 1087 729 iu
1115 689 1231 731 nauem
1258 690 1339 751 quae
1368 667 1430 732 1111

305 754 435 820 simonis
464 759 495 820 et
524 752 716 819 desiderauit
736 753 775 816 ab
798 775 834 817 eo
857 757 893 818 ut
919 752 1111 817 exaltaretur
1139 775 1157 815 a
1179 757 1263 817 terra
1290 752 1430 836 aliquau-

304 839 408 904 tulum
430 845 463 904 et
491 840 602 904 sedens
630 838 664 902 iu
694 837 771 903 naui
801 838 933 903 docebat
965 837 1097 923 populos
1139 847 1157 900 4
1190 861 1262 902 curu
1296 846 1430 904 cessaret

305 934 412 990 autem
440 925 596 1010 loquendo
625 923 707 988 dixit
737 923 777 988 ad
807 923 961 988 simonem
984 922 1095 988 recede
1116 921 1151 987 iu
1173 923 1272 987 altum
1296 933 1327 988 01
1348 947 1430 988 sum-

305 1009 396 1075 mitte
411 1010 491 1075 retia
502 1018 608 1075 uestra
619 1009 659 1072 ad
672 1008 865 1095 piscandum.
889 1020 905 1072 5
922 1007 1024 1073 simon
1036 1015 1142 1072 autem
1156 1007 1237 1073 dixit
1248 1014 1431 1094 praeceptor

305 1118 361 1181 per
390 1102 502 1160 totam'
517 1101 641 1160 noctem
670 1094 885 1159 lauorauimus
914 1101 947 1158 et
974 1093 1056 1157 nihil
1084 1093 1275 1178 profecimus
1300 1145 1306 1158 .
1336 1117 1433 1180 super

306 1181 402 1246 uerbo
424 1185 530 1246 autem
553 1195 605 1244 tuo
628 1201 690 1244 nou
714 1179 954 1244 intermittimus
997 1183 1068 1243 601
1097 1179 1246 1244 00111110
1275 1178 1430 1244 miseruut

305 1265 385 1331 retia
408 1271 438 1330 et
460 1265 679 1330 concluserunt
700 1264 835 1350 piscium
857 1262 1098 1350 multitudinem
1122 1269 1158 1329 ut
1179 1265 1260 1329 retia
1274 1264 1431 1350 dirumpe-

305 1356 391 1416 retur
419 1373 527 1416 eorum
571 1363 587 1415 7
614 1354 646 1414 01
675 1351 857 1415 annuebant
885 1349 978 1414 sociis
1008 1348 1065 1432 qui
1093 1349 1127 1413 11
1157 1349 1219 1414 alia
1242 1350 1318 1414 naui
1341 1355 1431 1416 erant

305 1444 341 1502 ut
368 1436 515 1501 uenirent
544 1444 576 1500 et
606 1434 793 1500 adiuuarent
820 1435 891 1500 illos
913 1456 984 1500 cum
1008 1433 1171 1500 uenissent
1192 1434 1300 1520 itaque
1323 1435 1429 1521 imple-

305 1526 420 1586 ueruut
452 1521 559 1587 ambas
592 1543 720 1585 naues.
745 1521 790 1584 ita
822 1528 858 1584 ut
890 1543 972 1604 pene
995 1526 1229 1605 mergerentur.
1275 1533 1292 1585 8
1318 1521 1430 1586 Simon

304 1615 411 1672 autem
440 1630 511 1671 cum
540 1605 673 1671 uidisset
700 1605 837 1672 concidit
865 1605 905 1669 ad
932 1605 1029 1690 pedes
1056 1605 1125 1670 eius
1154 1606 1261 1671 diceus
1291 1606 1329 1670 ad
1362 1606 1429 1670 ihr'r‘r

304 1715 357 1756 orc
380 1697 413 1757 te
435 1692 488 1756 exi
511 1714 530 1754 a
552 1715 602 1756 me
626 1690 774 1775 quoniam
796 1692 890 1755 homo
912 1697 1057 1775 peccator
1078 1713 1149 1756 sum
1181 1701 1322 1776 9stupor
1344 1692 1446 1756 enim·

304 1778 439 1842 habebat
461 1776 551 1841 illum
576 1783 608 1841 et
629 1798 737 1840 omues
760 1775 815 1862 qni
838 1799 909 1840 cum
931 1776 986 1839 illo
1002 1781 1092 1841 erant
1107 1777 1140 1839 11
1154 1776 1321 1842 miratione
1336 1799 1430 1862 super

305 1872 467 1948 capturam
489 1861 583 1926 istam
605 1861 740 1946 piscium
769 1884 863 1946 qnam
892 1865 1017 1946 ceperat
1061 1873 1094 1926 10
1126 1862 1273 1927 similiter
1300 1860 1432 1926 fuerunt

305 1947 381 2012 socii
403 1947 531 2012 iaccbns
554 1954 586 2011 et
607 1947 760 2011 iohannes
781 1947 828 2010 fili
856 1946 993 2011 zebedei,
1039 1945 1103 2030 Qui
1131 1947 1176 2011 ait
1204 1948 1243 2011 ad
1275 1947 1436 2012 simonem-

305 2033 357 2095 ihs
380 2033 479 2098 nolite
501 2055 569 2096 esse
591 2033 761 2116 piscatores
782 2031 916 2117 piscium
939 2031 1052 2096 faciam
1075 2031 1161 2096 euim
1184 2055 1240 2097 uos
1262 2033 1431 2117 piscatores
1478 2065 1481 2071 ·

306 2117 471 2182 homiuum
516 2129 547 2180 11
580 2117 627 2181 illi
661 2124 767 2182 autem
800 2141 871 2183 cum
904 2117 1067 2182 audissent
1102 2117 1208 2182 omnia
1244 2117 1432 2183 dimiserunt

307 2225 401 2288 super
422 2209 537 2280 terram
558 2211 592 2284 et
614 2202 715 2268 secuti
737 2211 811 2268 suut
834 2227 915 2268 eum.
962 2214 995 2267 12
1016 2203 1152 2268 Factum
1174 2209 1340 2268 astantem
1359 2227 1431 2268 cum

306 2298 389 2353 esset
411 2287 444 2352 iu
467 2311 531 2352 uua
553 2311 595 2353 ex
618 2286 800 2355 ciuitatibus
823 2295 855 2353 et
877 2311 950 2353 ecoe
964 2286 1031 2352 illio
1045 2287 1096 2352 uir
1114 2288 1227 2374 plenus
1249 2289 1335 2354 lebra
1357 2311 1431 2354 cum

306 2373 438 2438 uidisset
466 2382 572 2438 autem
602 2373 668 2437 ihr'r'r
699 2371 831 2439 caecidit
859 2373 893 2438 iu
922 2373 1035 2438 faciem
1064 2396 1152 2438 suam
1180 2373 1287 2439 diceus
1314 2373 1375 2438 due
1403 2374 1431 2438 si

305 2458 443 2523 uolueris
476 2469 566 2544 potes
599 2483 650 2524 me
684 2481 780 2524 emnn
824 2471 856 2523 13
890 2466 923 2524 01
955 2459 1099 2523 extendit
1120 2462 1304 2523 manum.el
1325 2459 1432 2545 tetigit

305 2544 395 2608 illum
418 2544 525 2608 diceus
548 2545 620 2610 uolo
643 2544 814 2620 emundare
837 2551 869 2609 et
891 2543 1040 2609 contiuuo
1064 2544 1254 2609 emundatus
1276 2553 1324 2624 est
1351 2555 1385 2608 14
1400 2552 1432 2610 01

302 2631 463 2716 praecepit
491 2629 539 2694 illi
568 2629 675 2694 diceus
705 2630 826 2693 nemini
855 2629 974 2693 dixeris
1000 2630 1055 2695 sed
1084 2630 1165 2694 uade
1192 2636 1225 2694 et
1247 2631 1377 2694 ostende
1399 2637 1432 2695 te

303 2715 457 2780 sacerdoti
487 2725 519 2779 et
546 2714 637 2781 offert
664 2715 712 2779 illi
738 2737 794 2799 pro
824 2715 1048 2780 emundatione
1076 2722 1132 2794 tua
1159 2715 1243 2800 quod
1271 2717 1434 2800 praecepit

303 2822 426 2885 moyses
459 2799 550 2866 utin
584 2801 765 2866 testimonio
798 2799 840 2865 sit
870 2799 943 2865 illis.
989 2811 1022 2863 15
1056 2800 1290 2880 Diuulgabatur
1323 2808 1430 2865 autem

303 2890 402 2967 magis
425 2884 483 2948 deo
506 2908 649 2949 sermone
672 2891 704 2950 et
727 2883 958 2950 conueniebaut
979 2887 1089 2950 turbae
1120 2887 1239 2950 multae
1266 2885 1430 2950 audirent

305 2969 406 3034 curari
429 2972 467 3033 ab
490 2969 725 3036 infirmitatibus
747 2970 813 3036 suis
857 2982 890 3035 16
913 2970 980 3056 ipse
1003 2980 1107 3035 autern
1131 2971 1281 3036 recedens
1303 2971 1337 3035 11
1360 2971 1431 3036 soli·

305 3053 415 3118 tudine
444 3056 560 3120 orabat.
606 3067 638 3120 17
666 3057 710 3121 Elt
735 3055 855 3120 factum
883 3062 933 3121 est
961 3055 994 3120 11
1017 3079 1081 3120 una
1103 3056 1155 3120 die
1183 3058 1250 3142 ipsc
1280 3057 1430 3140 loquente

305 3139 473 3205 conuenire
496 3141 676 3226 pharisaeos
698 3145 731 3204 et
752 3141 831 3224 legis
852 3142 994 3206 doctores
1018 3193 1024 3204 .
1049 3152 1139 3206 eraut
1167 3151 1275 3206 autem
1303 3142 1432 3206 adueni-

305 3231 393 3289 entes
423 3225 461 3289 de
493 3225 579 3290 omni
606 3226 733 3291 castello
767 3226 900 3309 galileae
927 3233 960 3292 et
986 3227 1098 3291 iudeae
1126 3231 1158 3291 et
1185 3226 1376 3292 hierusalem
1399 3235 1431 3292 et

305 3308 407 3374 uirtus
430 3315 497 3375 erat
519 3311 573 3374 dni
595 3318 631 3375 ut
653 3320 776 3376 curaret
798 3335 859 3376 eos,
905 3323 939 3376 18
960 3313 1004 3376 Et
1026 3334 1099 3376 ecce
1127 3312 1271 3388 homiues
1294 3311 1431 3376 ferentes

305 3394 441 3460 inlecto
464 3394 622 3460 homiuem
645 3395 701 3480 qui
728 3405 795 3460 erat
823 3397 1015 3482 paralyticus
1037 3404 1069 3461 01
1091 3398 1286 3482 quaerebant
1314 3397 1432 3462 inferre

305 3503 378 3544 eum
401 3486 433 3544 et
455 3481 611 3566 deponere
633 3485 666 3544 11
689 3496 858 3567 conspectu
881 3483 958 3547 eius.
1004 3494 1036 3547 19
1059 3492 1184 3547 etcum
1207 3505 1270 3546 uou
1293 3482 1429 3547 iuuenis·

304 3569 375 3630 seut
397 3587 459 3648 qua
482 3589 555 3630 eum
576 3565 729 3631 inferrent
750 3574 877 3653 propter
899 3569 1006 3633 turbas
1028 3568 1237 3641 ascenderunt
1256 3569 1288 3631 iu
1312 3574 1429 3633 tectum

304 3655 336 3714 et
358 3673 414 3736 per
436 3651 609 3716 teculatum
632 3651 843 3737 deposuerunt
865 3651 956 3717 illum
979 3653 1011 3716 iu
1034 3653 1137 3718 medio
1161 3677 1233 3717 cum
1252 3654 1431 3738 grabattum

303 3741 377 3800 ante
399 3735 477 3799 ihm.
521 3736 637 3801 201110
660 3743 765 3802 autem
789 3761 860 3802 oum
882 3737 1015 3803 uidisset
1028 3738 1122 3802 fidem
1146 3738 1271 3802 illorum
1285 3737 1367 3803 dixit
1382 3739 1429 3804 illi

303 3820 425 3884 homiui
447 3821 634 3887 dimitentur
656 3821 715 3886 tibi
736 3829 865 3907 peccata
880 3829 944 3888 tua.
977 3835 1011 3887 21
1033 3824 1078 3888 Et
1100 3830 1271 3908 coeperunt
1293 3825 1430 3908 cogitare

303 3905 423 3972 scribae
446 3912 477 3970 et
498 3905 636 3993 phrisaei
659 3907 798 3972 diceutes
819 3908 874 3992 qui
898 3919 946 3973 est
967 3909 1019 3973 hic
1041 3908 1097 3992 qui
1118 3907 1259 3992 loquitur
1290 3910 1431 3995 blasphe-

303 3991 367 4056 mia
401 3991 472 4075 quis
504 3997 608 4078 potest
636 4000 765 4076 peccata
793 3993 969 4058 dismittere
997 3993 1059 4058 uisi
1088 3994 1173 4058 solus
1206 3995 1252 4058 ds.
1297 4005 1331 4058 22
1366 3995 1429 4059 Ubi

304 4077 452 4160 cognonit
484 4083 591 4141 autern
622 4076 674 4140 ihs
705 4077 906 4161 cogitationes
934 4101 1042 4142 eorum
1064 4079 1256 4165 respondeus
1285 4079 1368 4144 dixit
1390 4081 1429 4144 ad

304 4184 356 4226 eos
380 4161 456 4246 quid
479 4162 623 4245 cogitatis
646 4163 729 4226 mala
750 4163 784 4226 iu
808 4163 953 4228 cordibus
975 4163 1089 4228 uestris
1132 4175 1166 4228 23
1188 4165 1264 4250 quid
1287 4165 1429 4230 0011101-

303 4246 365 4312 lius
392 4246 496 4312 dicere
524 4247 694 4316 mittuntur
721 4248 779 4312 tibi
808 4271 904 4334 pecca
931 4257 986 4312 aut
1007 4248 1112 4314 dicere
1134 4273 1227 4332 surge
1250 4258 1281 4314 et
1303 4251 1429 4314 ambula

304 4338 394 4396 2411
416 4339 523 4397 autem
545 4332 822 4418 sciatisquouiam
845 4342 1032 4419 potestatem
1060 4336 1154 4399 habet
1180 4336 1264 4400 filins
1292 4336 1432 4400 hominis

304 4417 338 4479 iu
367 4423 482 4482 terram
511 4417 688 4484 dismittere
721 4424 848 4504 peccata
872 4470 877 4482 .
902 4418 947 4484 ait
976 4420 1150 4505 paralytico
1179 4443 1271 4503 surge
1295 4430 1327 4485 et
1350 4421 1429 4485 nade

303 4501 337 4564 iu
360 4501 488 4567 domum
510 4513 599 4568 tuam
641 4514 675 4567 25
699 4517 731 4570 01
753 4505 902 4570 00111110
925 4505 1059 4571 surrexit
1080 4505 1113 4568 in
1137 4512 1305 4590 conspectu
1321 4528 1428 4570 eorum
1458 4539 1460 4541 >
