3667 5284
421 499 462 563 52
925 497 976 551 Er.
995 513 1045 552 sec.
1430 503 1459 556 C.
1479 502 1502 553 1.
1520 502 1546 554 2.

421 685 584 752 uocaueris
609 737 614 749 .
638 685 773 772 praeibis
801 686 887 751 enim
920 691 993 750 ante
1021 685 1134 752 faciem
1170 687 1225 751 dni
1257 709 1443 773 praeparare
1476 686 1546 762 uias

422 773 489 838 eiua
533 783 565 836 77
598 772 637 836 ad
671 772 880 836 mandandam
910 770 1093 855 agnitionen
1125 771 1236 837 salutis
1269 772 1385 858 populo
1418 794 1474 836 suo
1511 772 1544 837 in

421 857 551 922 remissa
572 864 772 942 peccatorum
793 879 919 922 suorum
955 867 989 921 78
1010 862 1138 943 propter
1160 857 1282 923 uiscera
1303 856 1490 922 sericordiae
1513 857 1545 921 di

421 943 520 1008 nostri
549 941 582 1007 in
612 942 725 1027 quihus
754 942 899 1009 uisitauit
927 964 984 1006 nos
1012 942 1117 1007 oriens
1139 942 1265 1008 exalto
1309 955 1342 1007 79
1364 942 1546 1029 praelucere

421 1029 467 1094 eis
491 1028 546 1113 qui
563 1027 606 1092 'in
634 1027 772 1093 tenebris
798 1038 872 1093 sunt
903 1032 936 1091 et
964 1027 998 1091 in
1026 1029 1137 1092 umbra
1166 1029 1276 1094 mortis
1302 1027 1484 1094 sedentibus
1505 1029 1544 1092 ad

422 1113 600 1198 dirigendos
622 1113 717 1198 pedes
740 1119 861 1178 nostros
883 1113 922 1178 ad
945 1112 1031 1176 uiam
1053 1114 1147 1199 pacis,
1191 1126 1227 1179 80
1247 1114 1333 1178 Puer
1354 1119 1461 1178 autem
1484 1137 1545 1179 cre-

422 1200 526 1265 scebat
548 1206 581 1263 et
596 1200 852 1264 corroborabatur
873 1199 932 1284 apd
955 1206 988 1262 et
1010 1212 1076 1263 erat
1098 1198 1130 1262 in
1148 1198 1373 1265 solitudinibus
1396 1198 1544 1284 usquein

421 1284 503 1350 diem
527 1284 751 1368 progressionis
774 1307 850 1350 suae
871 1284 910 1349 ad
933 1283 1079 1349 isdrahel.

506 1370 552 1434 ΙΙ.
598 1381 613 1432 1
635 1371 770 1434 Factum
797 1375 845 1434 est
873 1374 979 1434 autem
1005 1369 1038 1432 in
1061 1368 1125 1434 illis
1148 1369 1258 1434 diebus
1281 1369 1384 1435 exiuit
1406 1368 1544 1434 edictum

422 1477 587 1520 acaesare
609 1461 741 1540 augusto
768 1453 919 1541 profeteri
948 1453 1166 1539 uuusquisque
1194 1455 1228 1519 in
1255 1478 1344 1521 suam
1372 1453 1542 1519 ciuitatem.

421 1551 439 1604 4
470 1539 627 1606 Ascendit
655 1547 762 1604 autem
790 1539 873 1606 iosef
898 1540 936 1605 de
966 1539 1101 1625 galilaea
1127 1540 1166 1604 de
1197 1539 1327 1606 ciuitate
1355 1549 1483 1606 nazaret
1511 1540 1545 1604 in

421 1633 537 1691 terram
559 1626 634 1690 iuda
655 1625 690 1690 in
713 1625 843 1691 ciuitate
865 1625 961 1689 dauid
976 1649 1057 1710 quae
1073 1633 1203 1690 uocatur
1218 1626 1358 1691 nethlem
1380 1634 1546 1711 propterea

422 1712 505 1797 quod
528 1720 632 1777 essent
654 1711 692 1776 de
715 1711 806 1776 domo
829 1716 861 1776 99
882 1710 985 1797 patria
1006 1710 1101 1775 dauid
1145 1721 1162 1774 5
1190 1711 1330 1796 profiteri
1352 1735 1424 1777 cum
1447 1710 1547 1776 maria

421 1820 535 1882 sponsa
557 1820 613 1862 sua
633 1803 804 1862 comesset
824 1818 978 1880 praegnas
1021 1808 1037 1860 9
1059 1795 1177 1861 factum
1193 1804 1241 1861 est
1255 1804 1361 1862 autem
1377 1820 1449 1862 cum
1463 1806 1546 1862 esset

421 1882 488 1947 illic
517 1881 641 1968 impleti
671 1889 745 1947 sunt
771 1881 818 1946 illi
847 1881 915 1946 dies
944 1888 981 1946 ut
1007 1887 1150 1967 parceret
1196 1894 1212 1947 7
1242 1886 1273 1947 et
1299 1882 1422 1968 peperit
1443 1881 1545 1947 filium

422 1991 517 2033 suum
547 1965 743 2053 primitiuum
775 1979 807 2031 et
829 1967 1041 2032 obuoluerunt
1061 1967 1152 2030 illum
1175 1977 1207 2032 et
1230 1967 1425 2033 collauerunt
1453 1967 1545 2032 illum

421 2054 454 2118 in
478 2053 640 2139 praesepio
663 2053 737 2137 qnia
759 2074 822 2116 non
845 2061 912 2117 erat
934 2054 1020 2117 locus
1042 2051 1076 2117 in
1098 2053 1197 2117 stabu.
1243 2053 1421 2118 8Past0res
1436 2060 1543 2120 autem

422 2145 512 2203 erant
539 2139 572 2203 in
602 2139 730 2223 regione
758 2138 813 2202 illa
841 2143 1060 2223 pernoctantes
1083 2145 1115 2202 et
1137 2138 1348 2204 custodientes
1376 2146 1546 2204 nocturnas

422 2223 548 2308 uigilias
570 2247 664 2309 super
684 2246 810 2307 gregem
826 2246 924 2302 suam.
969 2235 986 2287 9
1009 2223 1154 2308 Angelus
1175 2232 1282 2288 autem
1304 2222 1393 2288 stetit
1408 2231 1440 2288 et
1455 2224 1545 2289 clari-

423 2318 471 2375 tas
497 2309 530 2372 di
559 2307 766 2374 circumfulsit
796 2308 867 2373 illos
895 2313 928 2372 et
957 2308 1131 2373 timuerunt
1153 2308 1265 2373 timore
1288 2331 1401 2392 magno
1445 2321 1479 2374 10
1501 2309 1546 2374 Et

422 2396 468 2460 ait
495 2393 558 2460 illia
591 2395 721 2480 angelus
753 2416 793 2458 ne
821 2393 1022 2460 timueritis.
1051 2416 1123 2458 ecce
1151 2394 1237 2458 enim
1270 2394 1423 2459 adnuntio
1456 2395 1546 2460 uobis

422 2480 573 2564 gaudium
594 2503 743 2562 magnum
768 2479 850 2564 quod
873 2484 922 2544 est
943 2478 1029 2544 omni
1051 2479 1166 2565 populo
1211 2491 1243 2542 11
1273 2479 1424 2562 quoniam
1451 2487 1544 2544 natus

424 2574 471 2632 est
493 2564 582 2630 uobis
604 2566 698 2630 hodie
720 2567 858 2630 saluator
879 2563 934 2649 qui
957 2569 1004 2629 est
1026 2569 1086 2650 xps
1108 2565 1160 2629 ihs
1183 2565 1242 2629 dns
1258 2563 1291 2628 in
1307 2564 1436 2631 ciuitate
1451 2565 1545 2630 dauid

424 2663 456 2716 12
472 2656 504 2716 99
526 2652 586 2716 hoc
607 2650 698 2716 uobis
719 2649 845 2734 signum
860 2648 1031 2716 inuenietis
1050 2649 1204 2715 infantem
1219 2650 1399 2716 inuolutum
1415 2657 1446 2715 et
1466 2650 1544 2736 posi·
1574 2715 1579 2718 ,

424 2748 491 2801 tum
507 2735 540 2800 in
563 2735 735 2822 praesepio.
767 2747 801 2799 13
817 2735 920 2799 subito
943 2739 1049 2800 autem
1064 2734 1147 2800 facta
1166 2742 1215 2802 est
1229 2759 1300 2800 cum
1316 2737 1427 2819 angelo
1441 2735 1544 2800 multi·
1578 2787 1580 2793 .

424 2823 500 2887 tudo
512 2821 670 2886 exereitus
682 2821 865 2887 caelestium
878 2819 1076 2885 laudantium
1094 2821 1147 2884 dm
1164 2829 1195 2885 et
1207 2821 1379 2886 dicentium
1403 2832 1436 2885 14
1448 2821 1547 2906 gloria
1588 2815 1594 2824 ¹

425 2906 615 2972 altissisirnis
630 2907 671 2971 do
684 2916 715 2972 et
726 2930 789 2992 pax
800 2905 833 2970 in
846 2911 931 2971 terra
944 2905 1124 2970 hominibus
1138 2908 1238 2971 bonae
1254 2906 1436 2972 uoluntatis.
1460 2917 1493 2971 15
1504 2907 1549 2971 Et

425 2993 543 3058 factum
556 2998 603 3058 est
614 2993 768 3078 quomodo
785 2991 928 3056 discessit
938 2992 977 3055 ab
989 2990 1065 3076 ipsis
1080 2991 1210 3076 angelus
1225 2990 1258 3056 in
1274 2992 1396 3056 caelum
1408 2997 1549 3078 pastores

425 3078 574 3142 dixerunt
604 3079 643 3142 ad
671 3077 810 3143 inuicem
839 3099 948 3141 eamus
969 3077 1108 3142 bethlem
1130 3083 1162 3142 99
1183 3077 1349 3142 uideamus
1371 3100 1548 3142 sermonem

425 3163 522 3229 istum
545 3163 599 3247 qui
622 3162 723 3228 factus
746 3168 794 3227 est
810 3159 892 3227 sicut
906 3162 967 3228 dns
982 3171 1089 3227 notum
1106 3162 1198 3227 nobis
1211 3161 1296 3228 fecit.
1342 3174 1374 3227 16
1396 3162 1441 3228 Et
1455 3186 1550 3227 uene·

425 3256 500 3314 runt
522 3247 708 3320 festinanter
730 3258 761 3313 et
783 3246 933 3313 uiderunt
955 3248 1085 3312 mariam
1102 3255 1133 3313 et
1147 3246 1230 3313 iosef
1242 3255 1273 3313 et
1288 3247 1442 3312 infantem
1465 3249 1548 3332 posi·

425 3343 493 3399 tum
520 3333 554 3398 in
580 3333 779 3420 praesepium
828 3344 860 3397 17
887 3355 959 3398 cum
988 3333 1143 3398 uidissent
1171 3339 1276 3397 autem
1304 3334 1482 3400 retulerunt
1510 3334 1549 3399 de

426 3421 557 3485 uerbum
580 3419 663 3505 quod
686 3419 803 3483 dictum
826 3418 936 3483 estad
965 3417 1035 3483 illos
1066 3418 1105 3482 de
1131 3417 1285 3483 infantem
1330 3431 1363 3484 18
1387 3425 1419 3484 et
1440 3443 1549 3484 omnes

425 3504 482 3591 qui
504 3505 674 3569 audiebant
696 3504 931 3569 admirabantur
953 3504 992 3568 de
1015 3503 1059 3568 eis
1082 3526 1163 3587 quae
1185 3504 1358 3569 dictasunt
1379 3527 1398 3568 a
1419 3504 1548 3589 pastori·

425 3592 483 3655 bus
506 3591 545 3654 ad
568 3613 601 3655 se
645 3601 678 3654 19
700 3589 799 3654 maria
821 3593 926 3654 autem
950 3588 1135 3654 obseruabat
1156 3612 1265 3654 omnes
1287 3611 1446 3655 sermones
1472 3589 1549 3655 istos

426 3675 590 3741 conferens
620 3675 655 3739 in
681 3697 733 3739 cor
755 3698 856 3739 suum.
900 3685 936 3739 20
957 3679 989 3738 99
1010 3674 1249 3739 reuertebantur
1270 3682 1409 3759 pastores
1431 3675 1549 3758 magni·

426 3763 555 3825 ficantes
577 3766 610 3826 et
630 3761 795 3825 laudantes
816 3761 891 3824 dnr'r‘r
914 3760 953 3824 de
975 3758 1120 3824 omnihus
1143 3782 1223 3845 quae
1238 3760 1404 3825 audierant
1418 3765 1450 3825 et
1465 3759 1549 3825 uide-

427 3851 498 3910 rant
520 3845 601 3910 sicut
622 3845 741 3911 dictum
763 3845 871 3910 estad
894 3868 956 3910 eoa.
1001 3856 1033 3908 21
1057 3846 1191 3910 Etcum
1213 3844 1345 3930 perfecti
1360 3852 1467 3911 essent
1481 3845 1550 3911 dies

426 3937 496 3996 octo
518 3931 558 3995 ad
580 3930 866 3996 circumcidendum
889 3930 1043 3995 infantem
1059 3939 1091 3995 et
1104 3936 1251 3996 uocatum
1275 3939 1322 3996 est
1343 3954 1458 3996 nomen
1480 3930 1550 3996 eius

427 4016 479 4080 ihs
510 4017 592 4100 quod
619 4015 738 4080 dictum
768 4024 834 4081 erat
862 4015 900 4080 ab
928 4017 1039 4096 angelo
1065 4015 1248 4102 priusquam
1276 4017 1494 4102 conciperetur
1515 4015 1550 4080 in

427 4108 524 4166 utero.
569 4112 603 4165 22
624 4102 668 4166 Ε9
689 4124 760 4166 cum
782 4101 920 4187 suppleti
941 4109 1045 4166 essent
1066 4101 1133 4166 dies
1147 4101 1344 4187 purgationis
1359 4101 1428 4166 eius
1443 4124 1551 4167 secun·

428 4187 503 4251 dum
534 4186 636 4270 legem
666 4186 768 4272 moysi
797 4186 1006 4271 inposuerunt
1037 4187 1129 4251 illum
1159 4186 1350 4252 hierusalem
1384 4186 1551 4252 ostendere

428 4272 518 4336 illum
542 4278 615 4336 ante
630 4271 714 4336 dnm.
749 4283 783 4337 23
801 4271 882 4339 siout
901 4271 1052 4358 scripturn
1068 4272 1163 4337 estin
1182 4273 1252 4356 lege
1274 4272 1328 4337 dni
1351 4272 1427 4357 quia
1448 4272 1551 4337 omnis

428 4357 585 4422 masculus
613 4358 757 4443 aperiens
785 4357 913 4421 uulbam
945 4362 1072 4422 sanctus
1100 4356 1147 4401 ⁶¹¹5
1179 4357 1344 4422 uocabitur
1390 4368 1425 4422 24
1455 4363 1487 4422 99
1516 4363 1552 4422 ut

428 4443 539 4508 darent
567 4465 622 4528 pro
651 4465 687 4507 eo
718 4442 903 4507 sacrificium
932 4443 1014 4525 quod
1044 4442 1163 4507 dictum
1193 4449 1242 4508 est
1270 4442 1303 4506 in
1326 4443 1396 4528 lege
1418 4443 1472 4507 dni
1494 4466 1552 4528 par

427 4533 586 4593 turturum
609 4535 665 4593 aut
686 4529 765 4593 duos
787 4528 891 4613 pullos
914 4527 1117 4593 columbinos.
1162 4539 1196 4593 25
1218 4529 1262 4593 Et
1284 4550 1356 4593 ecce
1375 4534 1443 4593 erat
1457 4529 1552 4593 homo
