3667 5284
391 349 435 413 ὣ
898 345 1019 401 hm.
1372 348 1521 402 QQQ

390 557 488 621 snper
510 534 600 600 illum
623 533 737 601 litteris
759 533 878 620 graecis
893 541 926 600 55
937 533 1045 600 latinis
1056 539 1089 600 et
1099 534 1255 599 habraicis
1266 555 1325 599 rex
1336 532 1521 598 iudaeorum

389 621 446 686 hic
468 627 524 686 est.
568 632 602 686 39
625 642 708 685 unus
720 619 815 686 etiam
828 621 867 685 de
878 620 1092 706 pendentibus
1103 620 1278 685 latronibus
1289 619 1522 703 blasphemauit

390 707 483 771 illum
527 715 563 771 40
591 707 783 790 respondens
813 711 921 771 autem
953 707 1035 770 altar
1066 705 1250 789 increpabat
1284 705 1377 769 illum
1412 705 1521 770 dicens

393 813 452 856 nec
479 791 571 856 times
594 792 669 855 dnm
697 791 773 876 quid
796 791 829 856 in
852 814 890 856 ea
911 791 1145 856 damnationem
1183 801 1218 855 41
1248 795 1281 854 55
1308 813 1365 855 nos
1392 791 1523 874 quidem
1540 814 1554 819 ··

391 877 475 942 iuste
502 899 574 940 nam
605 877 701 960 digna
728 876 818 942 factis
845 876 1017 962 recipimus
1038 877 1091 942 hic
1112 899 1189 941 uero
1210 875 1293 940 nihil
1314 875 1391 940 mali
1412 875 1518 960 gessit.

387 973 425 1026 45
447 963 491 1026 Et
512 961 637 1027 dicebat
658 964 696 1026 ad
719 961 787 1026 ihrTr
813 1014 819 1027 .
843 962 905 1026 duc
928 968 1136 1027 memoresto
1159 961 1222 1026 mei
1243 985 1314 1026 cum
1337 961 1464 1028 ueneris
1484 959 1519 1025 in

390 1067 523 1132 ragnum
538 1052 646 1112 tuum.
691 1057 725 1112 43
748 1047 792 1113 Et
813 1047 895 1113 dixit
916 1047 965 1112 illi
987 1048 1024 1092 ³¹¹5
1045 1071 1138 1112 amen
1160 1047 1229 1112 dico
1256 1045 1315 1111 tibi
1336 1045 1432 1112 hodie
1453 1069 1518 1111 me·

388 1155 462 1198 cum
485 1133 547 1198 eris
569 1132 604 1196 in
629 1132 773 1218 paradiso
801 1133 900 1219 patris
942 1143 978 1196 44
1007 1140 1040 1198 et
1072 1138 1139 1197 erat
1171 1132 1238 1197 fore
1269 1133 1348 1196 hora
1376 1138 1520 1198 sextoet

391 1219 539 1284 tenebrae
565 1217 667 1282 factae
693 1219 824 1283 suntin
845 1217 997 1284 uniuersa
1018 1225 1102 1283 terra
1129 1240 1231 1301 usque
1259 1216 1293 1281 in
1316 1240 1400 1281 nona
1431 1218 1517 1282 hora.

387 1313 425 1368 45
446 1301 628 1368 obscuratus
651 1313 698 1368 est
718 1304 764 1368 sol
787 1311 820 1368 et
840 1305 949 1369 uelum
971 1303 1083 1388 templi
1105 1302 1236 1369 scissum
1259 1301 1409 1367 medium.
1436 1311 1519 1367 4655

388 1389 530 1453 clamans
552 1411 629 1453 uoce
652 1411 766 1472 magna
787 1389 840 1454 ihs
862 1389 1007 1474 poterin
1030 1411 1143 1453 manus
1159 1397 1229 1453 tuas
1248 1388 1432 1452 commendo
1448 1398 1518 1472 555

391 1495 496 1538 meum
521 1523 528 1535 .
552 1479 584 1539 et
605 1475 665 1540 hoc
686 1475 794 1540 dicens
815 1474 953 1539 reddidit
974 1484 1052 1560 spr’r‘r.
1098 1484 1130 1538 47
1160 1474 1283 1539 Uidens
1312 1480 1418 1538 autem
1449 1495 1519 1537 cen·

387 1559 474 1624 turio
497 1564 529 1624 et
551 1559 606 1644 qui
635 1581 706 1624 oum
731 1583 767 1624 eo
791 1567 881 1625 crant
903 1560 986 1644 quod
1008 1560 1103 1625 fiebat
1117 1559 1360 1643 magnificabant
1374 1558 1427 1623 dm
1443 1581 1519 1623 uere

390 1644 442 1708 hic
464 1645 557 1708 homo
580 1645 681 1709 iustus
705 1653 772 1710 erat
814 1655 848 1710 48
871 1651 902 1710 et
925 1644 1027 1710 omnis
1048 1645 1140 1709 turba
1161 1644 1218 1729 qui
1239 1644 1333 1709 simul
1355 1667 1391 1707 er
1413 1679 1452 1688 -
1476 1681 1517 1690 —

389 1730 430 1794 ad
452 1731 667 1814 spectaculum
682 1731 774 1796 istud
796 1731 850 1816 qui
874 1730 1026 1795 uidebant
1053 1730 1135 1816 quod
1164 1730 1259 1794 fiebat
1282 1779 1288 1791 .
1312 1729 1518 1814 percutientes

386 1821 516 1900 pectora
537 1838 595 1880 sua
616 1819 864 1881 reuertebantur.
896 1826 931 1880 49
954 1815 1089 1881 Stabant
1110 1820 1217 1880 autem
1238 1837 1347 1879 omnes
1369 1813 1437 1879 noti
1452 1815 1518 1879 eius

386 1901 522 1985 alonge
546 1907 577 1966 et
598 1901 748 1966 mulieres
771 1925 851 1986 quae
874 1910 1000 1966 secutae
1023 1906 1114 1966 erant
1136 1900 1228 1964 illum
1250 1924 1268 1965 a
1290 1899 1425 1982 galilaea
1438 1900 1517 1964 hacc

390 1985 535 2050 uidentes
578 1997 613 2051 50
634 1993 666 2051 55
688 2010 760 2052 5555
781 1987 833 2052 uir
854 1987 983 2051 nomine
998 1986 1107 2072 ioseph
1123 1985 1261 2069 quierat
1276 1984 1402 2050 decurio
1417 1985 1518 2050 bonus

387 2077 422 2135 et
444 2070 547 2136 iustus
590 2082 623 2136 51
651 2071 705 2137 hic
734 2095 796 2137 non
825 2078 1026 2138 consenserat
1052 2070 1185 2138 concilio
1207 2077 1240 2136 et
1261 2070 1383 2135 actibus
1409 2091 1517 2135 eorum

389 2157 428 2220 ab
465 2155 633 2222 arimathia
669 2158 799 2224 ciuitate
835 2158 950 2241 iudeae
987 2157 1043 2240 qui
1078 2157 1288 2242 expectabant
1319 2179 1453 2239 reguum
1485 2156 1518 2220 di

385 2252 423 2304 52
445 2242 498 2306 hic
520 2241 650 2308 accessit
673 2243 712 2307 ad
733 2243 868 2328 pilatum
884 2250 916 2307 et
931 2243 1025 2328 petiit
1046 2265 1099 2308 cor
1119 2242 1176 2305 ihu
1218 2253 1253 2307 53
1286 2248 1318 2306 55
1339 2240 1516 2327 depositum

389 2325 528 2392 inuoluit
556 2327 590 2391 in
619 2327 753 2393 sindone
782 2334 814 2393 et
842 2328 949 2413 posuit
976 2327 1011 2392 in
1037 2335 1242 2393 monumento
1268 2325 1375 2392 exciso
1398 2326 1432 2390 in
1455 2349 1516 2410 quo

387 2411 531 2477 nondum
553 2413 720 2498 qnisquam
744 2413 864 2499 positus
887 2420 956 2478 erat
998 2423 1032 2478 54
1059 2421 1093 2478 55
1121 2413 1188 2477 dies
1216 2422 1283 2476 erat
1312 2434 1390 2477 cena
1418 2434 1516 2496 purae

385 2503 421 2561 et
434 2497 606 2562 ‘sabbatum
629 2499 843 2564 inluoiscabat.
877 2511 910 2564 55
933 2500 1136 2564 subsaeoutae
1151 2503 1258 2563 autem
1272 2498 1353 2562 duae
1367 2497 1516 2561 mulieres

385 2603 470 2666 quae
499 2606 571 2647 curn
601 2583 669 2668 ipso
699 2591 852 2650 uenerant
881 2584 921 2649 de
948 2584 1082 2668 galilaea
1104 2583 1253 2647 uiderunt
1274 2588 1514 2647 monumentum

385 2676 420 2733 ct
442 2669 704 2752 quemadmodum
728 2671 867 2755 positum
889 2675 958 2733 erat
978 2691 1091 2755 corpus
1113 2667 1182 2733 eius
1211 2680 1245 2732 56
1267 2675 1300 2732 55
1321 2675 1516 2733 reuertentes

386 2763 579 2838 parauerunt
601 2763 740 2820 aromata
762 2762 793 2821 et
818 2760 982 2840 unguenta
1003 2765 1036 2819 et
1058 2755 1186 2819 sabbato
1208 2753 1336 2838 quidem
1359 2755 1516 2818 siluerunt

383 2838 559 2903 secundum
580 2841 773 2905 mandatum.
1513 2879 1516 2882 ·

471 2925 602 2992 XXIV.
648 2936 663 2988 1
693 2949 756 2990 555
787 2933 893 2991 55555
923 2925 1045 2990 sabbati
1072 2933 1230 2990 uenerunt
1257 2926 1348 2989 ualde
1371 2931 1514 3008 tempore

382 3008 425 3072 ad
448 3016 688 3075 monumentum
711 3018 871 3096 portantes
893 3033 975 3096 quae
996 3020 1187 3096 parauerant
1229 3023 1246 3074 2
1268 3018 1300 3076 55
1320 3010 1514 3074 inuenerunt

385 3093 523 3178 lapidem
553 3097 730 3160 reuolutum
766 3120 784 3160 a
813 3102 1027 3160 monumento.
1072 3109 1089 3160 3
1118 3097 1277 3180 ingressae
1309 3103 1416 3160 autem
1449 3114 1512 3158 non

382 3179 579 3246 inuenerunt
601 3203 721 3266 corpus.
754 3193 772 3246 4
793 3183 837 3246 Et
858 3181 979 3247 factum
1001 3188 1050 3246 est
1071 3183 1145 3247 dum
1169 3190 1274 3248 mente
1297 3187 1513 3246 consternatae

381 3274 459 3330 sunt
488 3266 527 3329 de
557 3266 616 3330 isto
643 3275 676 3331 et
704 3289 776 3332 ecce
809 3268 871 3331 duo
895 3267 958 3331 uiri
980 3274 1137 3333 steterunt
1159 3289 1249 3333 secus
1272 3267 1343 3330 illas
1365 3265 1399 3329 in
1422 3273 1511 3329 ueste

386 3349 1511 3434 mmm.wmfimmmmmmmmmmwmmm

381 3441 501 3498 terram
530 3488 536 3501 .
561 3436 710 3502 dixerunt
747 3438 786 3502 ad
822 3437 893 3502 illas
930 3437 1008 3523 quid
1045 3437 1202 3520 quaeritas
1239 3439 1403 3502 uiuentem
1440 3459 1512 3500 oum

382 3523 1511 3606 mffiammmm——mm-flmmss-

380 3606 1511 3693 omffl——mQWmmMWQQQMffim

381 3690 521 3755 hominis
551 3693 632 3756 tradi
660 3693 692 3756 in
723 3717 835 3758 manus
863 3692 1029 3757 hominum
1057 3703 1089 3758 at
1117 3693 1257 3778 cruciligi
1285 3698 1318 3758 et
1343 3691 1437 3757 tertia
1459 3692 1511 3756 die

380 3780 1513 3854 mmmmsmrmmmmmmummmhmmaetm

381 3883 508 3942 grassae
530 3863 793 3929 renuntiauerant
815 3865 893 3928 haec
915 3863 1022 3927 omnia
1044 3864 1107 3930 illis
1129 3865 1276 3928 undecim
1299 3862 1460 3948 discipulis
1479 3871 1511 3928 et

379 3946 1510 4016 omm-—mm—mmm-mmm—-mmmi

382 4067 426 4076 -—
441 4031 549 4095 —obi
573 4081 578 4092 .
602 4039 634 4098 et
655 4044 779 4102 ceterae
807 4058 889 4119 quae
916 4056 989 4099 cum
1018 4034 1094 4121 ipsis
1116 4036 1242 4100 fuerant
1263 4036 1342 4099 haec
1365 4033 1511 4099 dicebant

380 4117 1508 4200 awmmssmfflmmmfflmmmmfflm

380 4201 476 4265 uerba
498 4201 559 4266 ista
586 4209 618 4268 et
645 4229 707 4270 non
737 4207 905 4270 credebant
934 4204 999 4270 illis
1027 4206 1132 4270 LXX
1160 4207 1268 4272 VIIII
1318 4216 1351 4269 13
1381 4204 1511 4270 fuerunt

378 4287 1510 4375 wmfflmffimwwfflmmmfflwm

380 4371 600 4452 hierosolymis
636 4377 738 4442 stadia
774 4381 894 4462 septem
933 4425 940 4438 .
976 4376 1105 4441 nomine
1141 4398 1283 4441 ammaus
1319 4382 1351 4440 et
1387 4375 1511 4462 cleopas
