3667 5284
431 479 472 544 86
932 479 982 533 Er.
1002 494 1055 534 aec.
1407 483 1437 537 c.
1458 483 1500 534 22.
1517 482 1561 535 23.

431 665 627 732 sacerdotum
656 673 689 731 et
718 665 956 752 magistratibus
984 666 1096 753 templi
1127 673 1160 732 et
1188 667 1364 734 senioribus
1397 667 1488 754 quasi
1521 669 1561 734 ad

430 751 585 818 latronem
619 751 729 818 existis
763 776 835 818 cum
868 752 982 837 gladiis
1010 758 1043 819 et
1073 752 1208 819 fustibus
1257 764 1292 818 53
1324 777 1396 819 cum
1430 753 1560 820 cottidie

431 839 598 903 uobiscum
627 837 742 902 fuerim
765 837 798 902 in
830 839 947 925 templo
978 862 1042 904 non
1073 837 1261 905 extendistis
1290 837 1323 902 in
1350 862 1402 904 me
1430 862 1561 904 manum

431 923 488 989 sed
511 923 589 988 haec
611 932 659 988 est
680 924 757 988 hora
780 931 885 988 uestra
906 933 940 989 et
967 930 1105 1008 potestas
1133 925 1333 989 tenebrarum
1377 935 1412 990 54
1433 930 1465 990 et
1491 946 1560 990 con·

430 1007 642 1094 praehensum
665 1008 757 1073 illum
783 1008 944 1075 duxerunt
970 1011 1005 1075 in
1031 1009 1158 1075 domum
1180 1008 1332 1096 principis
1353 1009 1560 1076 sacerdotum.

431 1095 551 1159 Petrus
576 1116 652 1158 uero
683 1095 873 1178 sequebatur
900 1094 989 1160 illum
1020 1118 1039 1160 a
1067 1093 1171 1179 longe.
1222 1106 1256 1160 55
1290 1117 1420 1168 accenso
1452 1102 1560 1161 autem

433 1179 500 1264 igni
523 1179 556 1242 in
579 1178 683 1244 medio
705 1178 785 1244 atrio
808 1186 935 1245 etcum
958 1179 1260 1247 circumsedentibus
1281 1190 1390 1266 petrus
1405 1180 1439 1245 in
1455 1181 1560 1246 medio

432 1287 541 1329 eorum
565 1265 693 1330 sedebat
736 1276 770 1330 56
792 1288 886 1350 quem
909 1275 946 1330 ut
968 1266 1050 1332 uidit
1071 1265 1188 1331 ancilla
1209 1264 1372 1332 sedentem
1390 1266 1430 1330 ad
1452 1267 1561 1332 lumen

433 1349 562 1415 intuens
592 1350 682 1415 illum
712 1349 793 1416 dixit
817 1399 824 1414 .
848 1361 881 1415 et
908 1350 962 1418 hic
988 1353 1027 1416 de
1057 1350 1103 1416 eis
1132 1358 1180 1416 est
1207 1350 1261 1436 qui
1290 1373 1361 1417 cum
1391 1352 1460 1437 ipso
1493 1357 1561 1418 erat

433 1458 568 1521 semper.
613 1447 645 1500 57
668 1435 708 1500 ad
730 1436 785 1501 ille
807 1436 938 1520 negauit
960 1437 990 1502 ei
1012 1436 1120 1502 dicens
1142 1437 1257 1501 mulier
1278 1460 1342 1501 non
1364 1436 1441 1501 noui
1468 1435 1559 1501 illum
1647 1487 1649 1491 .

432 1533 467 1586 58
490 1531 522 1586 et
543 1521 655 1586 itcrum
679 1530 751 1607 post
771 1521 923 1606 pusillum
945 1523 1058 1587 uidens
1080 1545 1153 1586 eum
1174 1521 1256 1586 alius
1271 1521 1354 1586 dixit
1367 1546 1444 1587 nere
1465 1523 1561 1587 homo

432 1613 464 1672 et
485 1616 522 1671 tu
545 1629 616 1670 cum
638 1606 693 1670 illo
716 1629 784 1671 eras
806 1615 915 1692 petrus
938 1615 1044 1673 eutem
1067 1607 1149 1672 dixit
1170 1630 1232 1671 non
1256 1630 1325 1672 sum
1359 1618 1392 1672 59
1408 1617 1441 1673 et
1466 1608 1560 1673 inter-

432 1692 517 1756 uallo
539 1691 622 1756 tboto
645 1693 741 1756 horse
756 1693 851 1757 unius
867 1693 948 1757 alius
964 1693 1156 1758 contendens
1178 1691 1261 1757 dixit
1276 1715 1350 1757 uere
1366 1701 1398 1758 et
1419 1693 1473 1758 hic
1487 1716 1560 1759 cum

431 1777 487 1842 illo
509 1783 576 1841 erat
598 1799 671 1840 nam
695 1789 727 1842 et
748 1777 901 1861 galilaeus
924 1786 980 1844 est.
1025 1790 1060 1843 60
1076 1778 1132 1865 El
1154 1786 1187 1842 at
1208 1786 1317 1863 petrus
1338 1779 1433 1842 homo
1454 1777 1561 1844 nescio

432 1861 509 1946 quid
530 1861 616 1927 dieas
638 1870 671 1928 et
693 1863 842 1929 continuo
857 1863 960 1928 adhuc
976 1864 1161 1949 coloquente
1182 1863 1324 1928 cantauit
1337 1865 1450 1948 gallus.
1479 1875 1512 1929 61
1528 1873 1561 1929 et

433 1970 603 2013 conuersus
635 1947 694 2012 dns
725 1947 864 2034 respexit
889 1955 1015 2047 petrum
1046 1955 1077 2014 et
1111 1955 1339 2014 rememoratus
1371 1958 1420 2014 est
1451 1955 1561 2035 petrus

433 2033 564 2098 uerbum
592 2032 647 2096 dni
675 2034 756 2098 siout
785 2033 867 2099 dixit
894 2035 943 2098 rlli
971 2034 1156 2119 priusquam
1183 2034 1286 2118 gallus
1311 2042 1418 2100 cantet
1439 2040 1487 2100 ter
1509 2058 1560 2100 me

432 2118 562 2203 negabis
605 2129 638 2183 63
661 2129 692 2183 et
713 2119 775 2184 uiri
799 2119 853 2204 qui
876 2121 1026 2185 tenebant
1048 2143 1120 2184 eum
1143 2119 1328 2185 inludebant
1351 2119 1441 2184 illum
1472 2129 1507 2184 64
1528 2127 1561 2184 et

433 2204 668 2286 interrogabant
691 2228 764 2269 eum
787 2205 927 2274 dicentes
949 2204 1182 2290 profitezaquis
1202 2203 1319 2290 estqui
1341 2211 1373 2270 te
1395 2204 1559 2291 percussit.

433 2300 467 2353 65
490 2297 522 2353 et
543 2288 606 2353 alia
625 2286 728 2354 ¹multu
749 2290 982 2376 blaspemantes
1002 2291 1149 2355 dicebant
1170 2289 1210 2353 ad
1233 2313 1315 2355 eum.
1360 2302 1394 2355 66
1422 2290 1467 2355 Et
1488 2313 1559 2355 cnm

433 2374 535 2440 factus
568 2380 616 2438 est
649 2375 717 2440 dies
750 2376 898 2442 conuenit
929 2375 1169 2461 praesbiterium
1203 2376 1305 2475 plebis
1338 2381 1371 2441 et
1401 2375 1561 2461 principes

434 2459 631 2526 sacerdotum
654 2470 687 2526 et
708 2461 827 2525 scribae
850 2467 882 2525 et
903 2461 1064 2526 duxerunt
1091 2461 1183 2525 illum
1207 2483 1243 2526 rn
1271 2460 1439 2526 concilium
1466 2484 1560 2525 suum

436 2551 467 2610 et
490 2545 726 2626 interrogabant
747 2570 820 2611 eum
844 2546 985 2612 dicentes
1007 2546 1033 2611 si
1055 2552 1091 2612 tu
1114 2568 1147 2611 es
1169 2550 1230 2632 xpi
1252 2545 1303 2612 dic
1324 2545 1423 2612 nobis.
1461 2557 1494 2611 67
1517 2547 1562 2611 Elt

435 2629 481 2696 ait
512 2630 577 2695 illis
609 2629 660 2694 ihs
693 2630 721 2696 si
752 2630 842 2697 uobis
874 2631 984 2697 dixero
1015 2654 1079 2697 non
1112 2630 1240 2696 creditis
1272 2629 1352 2696 mihi
1395 2644 1429 2697 68
1456 2655 1561 2716 neque

435 2714 609 2782 demittitis.
657 2728 690 2782 69
724 2740 764 2782 ex
799 2717 857 2783 boc
880 2726 987 2782 autem
1010 2717 1073 2782 erit
1096 2717 1180 2782 filius
1206 2716 1343 2782 hominis
1375 2718 1488 2782 sedens
1520 2717 1560 2782 ad

436 2801 578 2866 dextram
601 2801 739 2868 uirtutis.
785 2814 819 2867 70
841 2803 885 2867 Et
906 2802 1056 2868 dixerunt
1077 2824 1186 2867 omnes
1208 2814 1244 2867 tu
1270 2825 1304 2868 es
1332 2802 1417 2868 tilius
1432 2804 1464 2867 di
1488 2850 1495 2865 .
1515 2802 1562 2866 ait

435 2897 542 2951 autem
564 2887 628 2952 illis
650 2910 707 2952 uos
729 2887 829 2953 dicitis
853 2888 937 2972 quod
965 2911 1023 2972 ego
1051 2911 1131 2953 sum.
1176 2899 1209 2952 71
1243 2888 1297 2952 Ad
1330 2888 1378 2952 illi
1411 2888 1562 2953 dixerunt

436 2972 519 3069 quid·
545 2971 646 3070 adhuc
680 2972 893 3038 desideramus
926 2973 1143 3038 testimonium
1180 2973 1361 3038 audiuimus
1399 2973 1484 3039 enim
1520 2973 1561 3038 de

435 3081 488 3124 ore
510 3080 618 3142 ipsius.

519 3142 659 3209 XXIII.
706 3155 721 3206 1
749 3143 794 3208 Et
821 3166 953 3228 surgens
982 3166 1090 3208 omues
1112 3143 1282 3210 multitudo
1304 3144 1465 3210 duxerunt
1487 3168 1560 3209 eum

435 3228 474 3292 ad
489 3229 632 3314 pilatum.
666 3227 881 3315 20oeperunt
902 3234 1009 3293 autem
1032 3252 1177 3295 accusare
1199 3229 1291 3294 illum
1313 3229 1454 3295 dicentes
1475 3231 1564 3294 huno.

433 3313 616 3380 inuenimus
638 3316 874 3380 subuertentem
895 3321 1021 3398 gentem
1044 3321 1181 3380 nostram
1206 3325 1238 3380 et
1259 3315 1435 3380 soluentem
1457 3316 1559 3399 legem

434 3407 572 3463 nostrum
602 3406 634 3465 et
660 3399 797 3485 profetas
825 3411 858 3464 et
882 3399 1102 3485 prohibentem
1131 3401 1250 3464 tributa
1275 3401 1348 3465 dare
1376 3402 1493 3466 caesari
1529 3407 1561 3465 et

434 3484 591 3550 dicentem
613 3507 648 3549 se
670 3496 746 3571 xpr‘r‘r
767 3509 871 3569 regem
891 3508 968 3550 esse.
1000 3497 1017 3550 3
1039 3485 1164 3550 Pilatus
1186 3491 1292 3551 autem
1315 3485 1446 3551 audiens
1466 3485 1561 3551 inter-

434 3570 558 3654 rogauit
580 3579 686 3635 autem
706 3571 812 3636 dicens
834 3581 869 3636 tu
891 3593 926 3636 es
948 3594 1003 3634 rex
1019 3570 1210 3636 iudaeorum
1233 3571 1272 3636 ud
1292 3570 1346 3634 ille
1367 3572 1560 3656 respondeus

435 3656 480 3720 eit
500 3664 536 3720 tu
558 3655 645 3721 dicis.
679 3665 697 3718 4
720 3656 779 3721 Ait
800 3662 907 3721 sutem
929 3655 1046 3742 pilatus
1068 3658 1107 3721 ad
1129 3655 1287 3742 principes
1308 3657 1504 3722 sacerdotum
1528 3667 1561 3720 et

434 3743 542 3806 turbas
563 3741 646 3805 nihil
666 3741 796 3806 inuenio
819 3763 931 3806 causae
945 3741 979 3805 in
995 3742 1054 3806 hoo
1068 3743 1196 3807 homine
1229 3753 1246 3806 5
1268 3742 1307 3806 ad
1329 3742 1378 3806 illi
1392 3742 1558 3807 inualisce·

434 3827 510 3891 bant
536 3826 675 3892 dicentes
705 3838 882 3892 commouet
909 3827 1063 3912 populum
1085 3851 1140 3908 per
1162 3827 1343 3891 uniuersam
1366 3827 1491 3892 iudeam
1514 3826 1561 3891 iu-

436 3913 596 3997 cipiensa
625 3912 790 3995 galilaeam
824 3934 926 3996 nsque
959 3914 1018 3977 hoc
1048 3921 1081 3977 et
1113 3913 1194 3978 filios
1227 3919 1348 3977 nostros
1381 3918 1413 3977 et
1446 3935 1560 3977 uxores

435 3997 552 4062 auertit
581 4022 598 4061 a
630 3998 749 4063 nobie.
774 4020 837 4061 non
867 3997 952 4061 enim
982 3998 1159 4083 baptizatur
1188 3996 1269 4062 sicut
1295 4010 1327 4061 et
1355 4020 1411 4062 nos
1438 4020 1497 4062 nec
1525 4020 1560 4063 se

435 4083 597 4147 mundant.
642 4095 659 4147 6
681 4083 806 4147 Pilatus
828 4089 935 4147 autem
958 4085 1089 4149 audiens
1114 4083 1280 4167 galilaeam
1303 4083 1510 4167 iuterrogauIt
1531 4082 1560 4147 si

435 4193 453 4232 a
475 4168 608 4252 galilaea
629 4169 723 4233 homo
746 4167 830 4233 essit.
873 4180 889 4233 7
912 4177 944 4233 et
966 4178 1003 4232 ut
1024 4169 1172 4253 cognouit
1195 4169 1277 4252 quod
1300 4169 1339 4233 de
1360 4167 1486 4233 herodis
1507 4191 1559 4253 po·

434 4261 579 4319 testatem
610 4263 658 4318 est
689 4252 776 4317 misit
804 4252 894 4318 illum
924 4255 964 4318 ad
992 4255 1140 4318 herodem
1171 4254 1226 4337 qui
1255 4253 1464 4319 hierosolimis
1492 4262 1562 4319 erut

435 4339 498 4404 illis
525 4339 634 4404 diebus
677 4350 694 4404 8
724 4339 867 4403 Herodes
897 4345 1002 4404 autem
1032 4338 1100 4404 uiso
1129 4341 1195 4403 ibrTr
1228 4337 1357 4421 gauisus
1390 4349 1438 4404 est
1466 4339 1560 4403 ualde

434 4430 502 4489 erat
529 4425 615 4489 enim
644 4423 774 4509 cupiens
806 4423 894 4487 illum
930 4426 1038 4489 uidere
1074 4449 1114 4489 ex
1148 4424 1248 4489 multo
1279 4434 1378 4488 temre
1405 4448 1442 4489 eo
1475 4425 1559 4508 quod

433 4510 571 4577 audierit
598 4511 698 4574 multa
720 4510 759 4575 de
782 4509 835 4573 illo
859 4516 890 4574 et
918 4512 1063 4594 sperabat
1091 4509 1216 4594 signum
1238 4508 1366 4592 aliquod
1389 4510 1498 4575 uidere
1520 4511 1560 4574 ab
