3667 5284
413 453 458 516 32
919 449 1041 504 515555.
1425 451 1454 507 0.
1472 455 1499 507 8.
1519 455 1544 507 9.

416 661 479 702 non
507 637 629 704 uidebit
656 638 689 702 in
719 643 891 704 aeternum.
947 649 981 702 59
1009 637 1115 704 Aiunt
1143 639 1191 703 illi
1219 639 1326 706 iudaei
1354 663 1439 706 nunc
1473 664 1540 726 cog·

414 721 562 789 nouimus
591 722 741 810 quoniam
769 721 971 788 daemonium
998 724 1296 791 55555.55155515
1326 733 1468 791 mortuus
1495 732 1543 792 est

413 815 449 873 55
483 809 625 894 profetae
657 817 690 874 et
722 817 757 874 tu
787 809 865 874 dicis
895 808 921 874 si
953 808 1024 894 quis
1060 811 1191 875 uerbum
1225 836 1332 877 meum
1369 811 1543 876 seruaberit

415 902 548 960 mortem
569 918 634 960 non
655 894 777 959 uidebit
798 895 832 959 in
860 899 1034 959 aeternum.
1079 905 1113 960 53
1135 919 1176 961 55
1204 902 1240 961 55
1268 896 1369 962 155151
1395 920 1428 961 55
1457 897 1542 962 abra-

415 980 475 1044 555
504 989 536 1045 55
562 981 693 1066 51515515
716 980 771 1064 551
794 980 857 1044 1515
886 978 1003 1045 mortui
1025 988 1217 1065 5555555111
1239 988 1271 1046 te
1293 982 1379 1047 facis.
1424 992 1460 1047 54
1484 983 1542 1048 Re·

412 1065 542 1150 spondit
573 1067 625 1130 ihs
661 1071 693 1130 et
726 1064 807 1131 dixit
838 1065 863 1130 51
898 1088 955 1150 ago
988 1089 1040 1131 me
1075 1066 1287 1132 clarifioauero
1316 1066 1443 1132 claritas
1471 1091 1542 1132 mea

414 1149 579 1216 nihil-erit
601 1200 608 1214 .
631 1158 679 1216 555
700 1160 790 1236 55551
810 1173 901 1216 meus
923 1149 978 1235 qui
1001 1175 1051 1215 me
1073 1152 1222 1218 clarificet
1243 1175 1337 1236 quem
1353 1176 1410 1217 uos
1436 1153 1541 1218 dicitis

413 1235 549 1321 551555
572 1242 755 1302 uesterest.
802 1247 838 1300 55
861 1240 892 1302 55
914 1259 978 1301 non
1000 1235 1086 1301 scitis
1109 1261 1181 1302 eum
1211 1261 1267 1322 ego
1298 1242 1378 1282 ⁸⁰l⁰¹¹¹
1406 1239 1542 1324 cognoui

414 1321 505 1385 illum
528 1334 559 1387 et
581 1321 608 1389 51
630 1322 739 1387 dixero
763 1321 922 1406 quianon
945 1321 979 1386 ui
1001 1321 1092 1385 illurn
1116 1345 1169 1387 ero
1196 1323 1310 1388 similis
1339 1323 1429 1389 nobis
1457 1348 1541 1390 men-

413 1407 476 1470 dax
498 1407 650 1472 5555551
672 1407 762 1472 illum
786 1417 818 1472 et
840 1408 973 1471 uerbum
995 1406 1063 1472 eius
1085 1430 1186 1473 seruo.
1230 1420 1264 1473 56
1286 1409 1435 1473 abraham
1449 1415 1540 1494 pater

413 1498 519 1558 uester
541 1492 701 1558 exultatus
723 1501 771 1558 est
793 1502 829 1557 55
850 1491 974 1557 uideret
996 1491 1080 1557 diem
1103 1517 1209 1557 meum
1231 1503 1264 1559 et
1285 1493 1368 1558 uidit
1396 1501 1428 1560 et
1454 1495 1540 1578 gaui-

414 1600 467 1642 sus
490 1585 545 1642 est.
590 1589 624 1642 57
646 1578 747 1642 Aiunt
768 1601 841 1662 ergo
864 1577 970 1642 iudaei
995 1578 1034 1641 ad
1049 1602 1122 1642 eum
1142 1579 1451 1664 qninquagintannos
1465 1603 1540 1644 non·

414 1662 489 1726 dum
512 1665 608 1728 55555
631 1673 663 1729 55
684 1665 832 1728 abraham
854 1662 973 1728 uidisti.
1019 1675 1053 1728 58
1076 1665 1134 1728 Ait
1160 1664 1224 1730 illis
1252 1665 1304 1729 ihs
1333 1688 1425 1728 arnon
1447 1688 1540 1730 arnan

411 1748 483 1813 dico
513 1749 602 1813 uobis
628 1753 702 1814 ante
731 1750 879 1840 abrabam
901 1772 959 1832 ego
981 1771 1059 1813 sum.
1104 1761 1138 1814 59
1160 1750 1301 1815 55151555
1323 1773 1396 1832 ergo
1418 1751 1539 1836 lapides

414 1839 449 1898 ut
460 1834 623 1898 mitterent
634 1835 667 1898 in
680 1859 762 1899 euru.
793 1835 851 1898 Ihs
869 1841 973 1899 antem
990 1835 1151 1900 abscondit
1165 1859 1199 1900 55
1215 1850 1247 1900 55
1261 1834 1341 1900 exiit
1355 1835 1395 1899 de
1410 1837 1538 1920 templo.

498 1921 562 1984 IX.
608 1932 622 1983 1
657 1927 689 1985 55
710 1920 866 1986 transiens
890 1919 971 1984 uidit
993 1919 1152 1985 bominem
1176 1944 1195 1984 5
1216 1920 1385 1985 natiuitate
1407 1945 1535 1987 caecum

410 2015 429 2067 2
452 2011 484 2070 55
509 2005 784 2089 interrogauerunt
811 2029 884 2070 eum
913 2005 1070 2070 discentes
1101 2005 1187 2071 rabbi
1214 2005 1286 2091 quis
1314 2005 1449 2090 diliqnid
1478 2007 1538 2072 1555

413 2102 469 2154 555
495 2096 642 2176 55155555
676 2091 743 2156 eius
771 2091 846 2176 quia
872 2111 982 2155 caecus
1005 2096 1098 2155 natus
1122 2099 1170 2156 555
1211 2091 1411 2176 3155555515
1432 2092 1484 2155 ihs
1508 2101 1539 2158 55

411 2175 496 2241 dixit
517 2199 621 2259 neque
644 2175 695 2241 hic
718 2176 855 2260 deliquid
871 2199 976 2260 neque
991 2182 1135 2262 parentes
1151 2176 1219 2241 5155
1234 2177 1290 2241 555
1305 2187 1340 2241 55
1362 2177 1540 2243 manifeste-

412 2269 465 2325 tur
487 2282 581 2346 opara
603 2261 634 2324 di
657 2263 691 2326 in
713 2262 770 2326 illo
814 2271 831 2324 4
850 2285 903 2325 me
926 2271 1048 2346 oportet
1070 2261 1192 2347 operari
1215 2285 1309 2348 opera
1332 2261 1400 2326 eius
1416 2263 1471 2348 qni
1487 2287 1538 2328 me

413 2345 499 2410 misit
520 2347 594 2410 dum
618 2347 685 2412 dies
708 2354 756 2411 est
777 2347 886 2412 ueniet
907 2371 971 2412 nox
993 2349 1118 2433 qnando
1151 2371 1244 2412 nemo
1272 2356 1375 2430 potest
1404 2349 1536 2433 operari.

409 2431 527 2496 adum
548 2454 619 2496 sum
645 2432 679 2496 in
709 2432 834 2497 saeculo
863 2433 920 2496 lux
949 2456 1017 2496 sum
1047 2432 1175 2498 saeculi.
1219 2445 1236 2497 6
1260 2432 1350 2496 Haec
1373 2455 1442 2498 cum
1466 2433 1535 2498 dix·

412 2516 488 2582 isset
515 2518 600 2603 spuit
628 2517 661 2581 in
691 2527 806 2583 terram
836 2526 867 2583 55
891 2519 966 2582 15515
988 2520 1091 2583 lutum
1114 2520 1153 2582 de
1175 2529 1270 2603 sputu
1294 2523 1325 2582 55
1347 2518 1533 2604 superunxit

410 2602 517 2667 oculos
546 2603 628 2668 55551
673 2611 743 2668 755
764 2603 809 2668 515
839 2603 918 2668 5555
945 2603 984 2667 55
1009 2602 1161 2689 piscinam
1190 2603 1301 2667 siloam
1330 2604 1415 2689 quod
1440 2601 1530 2666 inter·

411 2697 553 2773 pretatur
568 2689 680 2753 missus
696 2689 812 2755 551555
828 2688 933 2753 oculos
947 2697 1027 2753 tuos.
1060 2689 1154 2753 Abiit
1168 2694 1273 2753 antem
1290 2697 1321 2753 55
1336 2687 1414 2753 15515
1428 2686 1533 2752 555155

412 2785 444 2838 55
465 2775 555 2839 uenit
585 2773 706 2838 uidens.
750 2774 896 2839 81115151
920 2784 1047 2857 ergoet
1075 2773 1131 2859 551
1157 2781 1313 2838 nouerant
1339 2774 1428 2838 illum
1456 2772 1533 2856 5515

410 2882 521 2924 555555
552 2865 583 2924 55
612 2883 729 2943 egenus
757 2859 819 2923 fuit
845 2861 991 2924 dicebant
1024 2882 1087 2922 non
1116 2859 1168 2923 hic
1195 2867 1243 2924 555
1271 2859 1327 2944 551
1349 2859 1532 2924 sedebatet

411 2944 637 3010 mendicabat.
662 2946 704 3008 ali
732 2945 876 3009 dicebant
905 2945 957 3009 hic
985 2951 1032 3009 est
1074 2957 1091 3009 9
1115 2945 1157 3008 511
1179 2944 1325 3018 dicebant
1348 2944 1464 3009 similis
1486 2948 1534 3008 555

409 3030 457 3094 1111
482 3079 487 3091 .
512 3030 566 3095 1115
588 3038 694 3095 antem
718 3030 840 3095 dicebat
862 3053 921 3112 ego
943 3053 1022 3093 sum.
1067 3041 1101 3094 10
1124 3029 1281 3094 Dicebant
1302 3052 1360 3113 ego
1382 3029 1430 3093 illi
1460 3052 1534 3114 quo·

411 3116 502 3180 modo
525 3115 625 3200 aperti
648 3127 725 3180 sunt·
743 3115 801 3181 tibi
823 3117 915 3180 oculi.
961 3127 993 3178 11
1017 3115 1192 3200 Respondit
1213 3114 1261 3178 illi
1282 3116 1375 3179 homo
1391 3115 1448 3198 qui
1463 3115 1536 3178 dici-

408 3207 462 3266 551
483 3206 543 3286 xps
565 3202 668 3265 lutum
690 3199 767 3266 fecit
788 3208 820 3265 55
841 3200 1028 3286 superunxit
1051 3224 1100 3264 me
1122 3208 1155 3265 et
1169 3201 1215 3265 ait
1229 3200 1309 3264 uada
1325 3201 1364 3264 ad
1380 3200 1533 3285 piscinam

410 3287 522 3351 siloam
553 3292 584 3351 et
617 3287 689 3350 1555
722 3286 827 3350 555155
860 3299 931 3351 5555
955 3335 961 3347 .
985 3285 1049 3351 5511
1079 3292 1112 3350 55
1141 3286 1205 3350 1551
1235 3287 1401 3351 55515555
1427 3285 1552 3350 51555..
1626 3300 1629 3305 ·

411 3383 444 3435 19
468 3372 572 3437 Aiunt
594 3373 634 3436 ad
656 3395 730 3436 eum
753 3371 800 3435 illi
823 3371 876 3436 ubi
899 3378 947 3436 est
968 3372 1023 3436 ille
1041 3371 1086 3436 515
1103 3371 1217 3436 neseio.
1263 3383 1295 3435 13
1318 3371 1534 3434 Adduxerunt

410 3457 507 3542 igitur
539 3471 612 3522 eum
642 3459 681 3521 ad
708 3456 857 3522 farisaeos
890 3458 1050 3522 uidentem
1083 3458 1138 3541 qui
1169 3463 1242 3522 ante
1275 3456 1379 3520 fuerat
1412 3477 1531 3520 555555.

410 3552 445 3606 14
473 3543 534 3609 1515
562 3550 668 3608 555515
698 3543 862 3607 sabbatum
890 3543 925 3606 in
953 3565 1015 3626 555
1045 3543 1146 3606 lutum
1177 3541 1254 3606 fecit
1283 3543 1334 3606 ihs
1357 3550 1389 3606 et
1410 3540 1535 3625 5551515

410 3630 515 3694 555155
548 3629 625 3693 5155.
671 3639 703 3692 15
737 3629 857 3693 1551515
892 3651 965 3710 ergo
1001 3628 1259 3711 interogauerunt
1296 3652 1368 3692 enm
1404 3625 1532 3690 farisaei
1582 3662 1588 3672 ·
1633 3712 1635 3717 Ι

408 3714 565 3798 quomodo
595 3716 703 3778 lumen
730 3713 877 3798 recepisti
903 3713 958 3777 ille
987 3720 1093 3777 autern
1120 3712 1202 3776 dixit
1224 3714 1317 3778 homo
1340 3710 1395 3797 qui
1417 3710 1533 3776 dicitnr

409 3799 460 3863 ihs
484 3801 585 3864 lutum
607 3799 748 3885 inposuit
769 3799 848 3863 mihi
871 3821 965 3884 super
987 3799 1092 3862 555155
1115 3807 1147 3862 55
1168 3799 1232 3862 1551
1255 3799 1361 3863 555155
1376 3803 1408 3862 55
1429 3795 1531 3860 uideo.
1584 3821 1591 3833 ·

408 3897 443 3950 ’16
464 3885 623 3949 Dicebant
649 3908 722 3968 ergo
751 3884 878 3970 quidam
907 3887 947 3949 de
975 3883 1117 3948 farisaeis
1145 3906 1208 3947 non
1231 3896 1279 3948 est
1300 3883 1352 3948 hic
1374 3907 1393 3946 5
1415 3883 1455 3947 dd
1477 3881 1533 3966 551

407 3970 572 4035 sabbatum
595 3993 658 4034 non
681 3972 824 4035 obserbat
847 4022 853 4034 ,
877 3969 931 4034 5111
959 3969 1105 4035 51555555
1132 3969 1287 4054 quomodo
1314 3974 1418 4055 potest
1439 3969 1532 4031 homo

409 4061 553 4141 peccator
574 4057 649 4120 talia
671 4056 760 4139 signa
782 4055 883 4120 facere
899 4061 931 4120 et
945 4055 1062 4120 shisma
1077 4064 1145 4119 5155
1159 4054 1193 4118 in
1207 4054 1280 4118 illis.
1326 4065 1358 4117 17
1374 4053 1533 4117 Dicebant

410 4163 482 4220 ergo
511 4141 627 4206 iterum
655 4140 702 4204 illi
732 4163 823 4206 55555
854 4153 889 4206 55
917 4140 995 4226 5515
1021 4140 1101 4206 51515
1129 4139 1168 4204 55
1190 4163 1228 4204 55
1250 4138 1305 4223 551
1328 4137 1453 4224 5551515
1474 4136 1533 4201 5151

407 4227 515 4292 555155
536 4226 591 4290 1115
612 4234 719 4290 autern
740 4226 823 4291 dixit
845 4225 920 4310 quia
942 4224 1065 4311 5151555
1079 4237 1134 4290 555.
1179 4236 1214 4288 18
1235 4225 1279 4289 Et
1297 4247 1381 4288 nunc
1397 4221 1534 4287 credide·

408 4317 483 4377 runt
504 4311 609 4377 iudaei
632 4311 836 4397 55555555
859 4333 969 4376 caecus
991 4310 1053 4376 1515
1075 4316 1107 4376 55
1132 4309 1251 4395 1555515
1279 4309 1387 4373 lumen
1418 4307 1533 4392 quoad·

408 4421 509 4484 usque
542 4404 690 4462 uocarent
722 4403 868 4484 parentes
901 4396 970 4462 5155
1024 4408 1057 4461 19
1093 4403 1125 4460 55
1167 4395 1442 4478 interrogauerunt
1480 4415 1533 4458 555

406 4483 548 4548 51555555
582 4482 637 4556 515Ι
670 4491 717 4548 555
747 4485 806 4548 frus
836 4488 941 4547 uester
968 4503 1062 4566 quern
1091 4503 1148 4545 uos
1176 4479 1281 4546 dicitis
1313 4480 1390 4565 quia
1422 4500 1533 4543 caecus
