3667 5284
412 469 457 532 36
917 466 967 521 Er.
987 482 1040 522 sec.
1451 471 1481 524 (3.
1503 470 1544 522 11.

415 677 478 740 quo
500 661 677 720 occurrerat
699 652 747 717 illi
769 655 901 720 martha.
946 666 980 719 31
1002 653 1115 719 Iudaei
1137 662 1244 721 autem
1266 655 1321 740 qui
1345 656 1545 721 consolaban-

411 740 576 807 441111441
599 739 744 805 uidentes
766 738 898 806 mariam
921 741 1005 826 quod
1035 739 1187 805 uelociter
1217 741 1356 806 surrexit
1378 750 1411 806 et
1432 741 1541 806 exiit.

411 825 515 892 secuti
541 835 616 890 sunt
643 825 730 890 illam
758 825 898 891 dieentes
928 827 1003 910 quia
1031 827 1127 890 uadct
1162 827 1200 890 ad
1233 835 1473 910 mouymentum
1509 840 1544 892 ut

414 913 524 997 ploret.
569 922 604 976 32
626 910 729 974 Μ4114
751 934 824 996 ergo
846 918 884 976 ut
906 910 997 976 uenit
1018 911 1073 975 ubi
1102 917 1170 976 erat
1197 911 1249 974 ihs
1278 922 1315 976 ut
1342 911 1425 976 uidit
1452 911 1543 976 illum

412 996 548 1062 caecidit
570 997 610 1062 ad
631 997 727 1082 pedes
749 997 818 1062 eius
842 1045 848 1058 .
872 1005 904 1061 04
927 996 1009 1060 dixit
1031 996 1079 1060 illi
1108 997 1169 1060 dne
1197 996 1224 1062 si
1254 999 1308 1063 hic
1338 996 1451 1062 fuisses
1479 1020 1544 1062 non

413 1090 498 1148 00004
519 1087 662 1147 14014440
683 1081 781 1146 frater
802 1105 901 1146 meus.
945 1093 980 1146 33
1001 1082 1060 1146 Ihs
1082 1090 1188 1146 autem
1211 1082 1293 1146 uidit
1311 1082 1398 1146 illam
1414 1085 1543 1148 flentem

415 1179 448 1232 et
473 1167 601 1232 iudaeos
630 1169 742 1232 flentes
774 1168 828 1252 qui
857 1177 1013 1250 uenerant
1044 1190 1116 1231 oum
1145 1166 1232 1231 illam
1263 1167 1393 1234 fremuit
1421 1168 1481 1233 011
1511 1177 1544 1233 04

412 1253 617 1319 conturbabit
637 1275 672 1316 se
694 1253 807 1338 ipsum.
852 1262 887 1317 34
909 1260 942 1317 et
962 1252 1008 1317 ait
1029 1252 1084 1317 ubi
1106 1253 1256 1338 posuistis
1284 1252 1376 1318 illum
1400 1302 1406 1315 .
1430 1191 1543 1318 dieunt

415 1339 463 1403 illi
496 1339 558 1403 (140
590 1335 665 1403 4041
699 1349 731 1402 04
757 1337 840 1402 uide.
891 1349 926 1402 35
967 1344 999 1402 et
1033 1338 1215 1404 lacrimatus
1249 1354 1294 1402 est
1322 1339 1384 1402 1116.
1433 1351 1468 1403 36
1499 1339 1543 1404 Et

412 1425 565 1489 dixerunt
596 1423 703 1488 iudaei
736 1446 808 1488 ecoe
843 1423 999 1508 quomodo
1032 1425 1157 1488 amabat
1196 1423 1286 1488 illum
1340 1436 1375 1488 37
1413 1424 1543 1509 quidam

413 1525 521 1575 autem
551 1509 701 1574 dixerunt
729 1532 769 1573 ex
800 1507 864 1573 illis
893 1531 956 1573 nou
979 1516 1102 1593 poterat
1124 1509 1185 1574 iste
1212 1508 1268 1593 qui
1290 1509 1415 1594 aperuit
1436 1510 1542 1574 oculos

412 1596 500 1661 caari
529 1594 597 1658 nati
625 1593 728 1659 facere
750 1599 785 1659 ut
807 1601 840 1658 et
861 1594 913 1658 hic
935 1616 998 1658 non
1020 1601 1203 1659 moreretur.
1247 1606 1281 1659 38
1309 1595 1366 1659 Ine
1389 1617 1463 1678 ergo
1484 1593 1542 1660 fre

415 1704 504 1746 mens
526 1681 609 1746 intra
631 1703 664 1744 se
687 1678 776 1743 uenit
798 1679 837 1743 ad
859 1686 1100 1764 monymentum
1125 1728 1131 1740 .
1156 1685 1222 1745 erat
1250 1690 1357 1745 autem
1388 1680 1542 1766 spelunca

413 1765 555 1851 etllapis
584 1765 745 1850 adpositus
774 1765 831 1829 illi.
880 1776 913 1830 39
943 1763 988 1829 ait
1023 1765 1075 1828 ihs
1104 1765 1206 1831 tollite
1238 1765 1374 1850 lapidem
1403 1774 1436 1830 et
1463 1765 1542 1830 dicit

415 1853 539 1917 martha
561 1851 600 1916 ad
615 1851 681 1914 ihm
705 1851 766 1914 (140
790 1850 852 1914 1414
875 1850 954 1915 10404
969 1860 1081 1933 444144
1096 1850 1159 1914 diei
1178 1859 1225 1915 est
1239 1851 1334 1915 enim.
1368 1861 1404 1916 40
1417 1851 1478 1916 Ait
1492 1850 1542 1915 illi

413 1938 465 2000 ihs
488 1959 551 2001 non
586 1935 644 2000 tibi
671 1934 737 1999 dixi
768 1935 918 2020 quoniam
948 1935 975 2000 si
1005 1935 1173 2001 credideris
1200 1936 1323 2001 uidebis
1344 1937 1476 2021 gloriam
1499 1936 1540 2001 di.

410 2032 503 2088 4104
529 2029 565 2088 ut
591 2021 797 2086 reuolnerunt
825 2021 964 2106 lapidem
992 2020 1043 2084 ihs
1073 2022 1232 2086 adleuabit
1261 2021 1368 2086 oculos
1401 2044 1474 2087 suos
1508 2032 1540 2088 et

413 2107 526 2173 dixit.
554 2116 642 2192 pater
674 2105 790 2190 gratias
824 2129 881 2190 ago
915 2105 973 2170 tibi
1004 2108 1087 2190 quod
1116 2106 1233 2172 audisti
1261 2130 1312 2171 me
1359 2117 1394 2170 42
1420 2118 1452 2171 04
1483 2130 1541 2192 ego

414 2193 551 2260 sciebam
573 2192 657 2278 qnod
679 2214 803 2277 semper
825 2215 876 2256 me
902 2191 993 2255 audis
1021 2193 1075 2256 sed
1103 2201 1230 2278 propter
1258 2193 1383 2256 turbam
1411 2193 1540 2259 circum-

410 2286 549 2344 stantem
583 2277 650 2342 dixi
679 2283 715 2340 ut
745 2277 873 2342 credant
901 2276 976 2362 quia
1004 2284 1040 2340 tu
1069 2301 1119 2340 140
1147 2277 1262 2342 14101041
1304 2287 1339 2342 43
1367 2279 1417 2343 1110
1446 2279 1540 2344 (110410

414 2363 542 2429 4004414
564 2386 642 2428 4000
664 2384 779 2444 magna
801 2362 904 2426 lazare
926 2361 1002 2426 ueni
1023 2361 1106 2428 foras
1149 2372 1184 2425 44
1206 2371 1238 2428 04
1260 2362 1362 2427 0111414
1384 2363 1439 2427 1110
1461 2387 1541 2430 mor-

412 2457 487 2514 tuus
510 2449 641 2534 pedibus
663 2457 696 2513 et
718 2447 862 2512 manibus
884 2447 1003 2512 institis
1026 2497 1032 2508 .
1057 2459 1089 2513 04
1111 2447 1206 2514 140100
1234 2447 1303 2513 0140
1325 2449 1451 2514 sudario
1474 2455 1541 2515 0144

414 2535 519 2618 ligata.
564 2535 609 2599 Et
631 2532 708 2598 dicit
729 2530 782 2596 ihs
805 2532 968 2617 discipulis
990 2532 1055 2597 suis
1077 2534 1191 2598 soluite
1213 2533 1304 2598 illum
1320 2541 1352 2599 04
1366 2533 1461 2600 014140
1483 2535 1537 2600 ire.

409 2630 448 2684 45
470 2619 563 2684 multi
592 2619 699 2702 itaque
722 2643 761 2684 ex
784 2619 906 2683 iudaeis
930 2619 985 2702 qui
1007 2627 1161 2683 uenerant
1182 2620 1221 2683 ad
1244 2619 1376 2683 mariam
1398 2631 1431 2684 04
1452 2620 1538 2684 uide·

413 2714 488 2770 runt
510 2705 594 2789 quod
616 2715 664 2768 est
686 2703 804 2769 factum
827 2703 1028 2769 crediderunt
1042 2704 1075 2768 in
1091 2705 1182 2768 illum
1225 2714 1259 2768 46
1282 2705 1410 2790 quidam
1433 2711 1536 2771 autem
1622 2785 1623 2788 Ἴ

414 2815 455 2854 ex
476 2790 541 2856 illis
563 2790 708 2855 abierunt
731 2790 770 2854 ad
792 2789 941 2854 farisaeos
964 2799 995 2853 et
1017 2789 1167 2854 dixerunt
1188 2789 1251 2854 illis
1274 2790 1357 2874 quod
1379 2791 1455 2856 fecit
1477 2791 1537 2854 ihs.

412 2886 447 2940 46
474 2877 755 2960 Congregauerunt
789 2898 863 2958 ergo
885 2875 1062 2939 sacerdotes
1090 2890 1122 2939 04
1151 2872 1278 2940 farisaei
1307 2874 1477 2941 concilium
1507 2889 1539 2940 04
1610 2942 1613 2946 ,

412 2962 558 3027 dicebant
591 2960 667 3058 quid
699 2959 851 3025 faciemus
884 2961 968 3043 quod
1002 2960 1053 3023 hic
1089 2962 1182 3025 homo
1216 2960 1292 3027 talia
1330 2961 1420 3046 signa
1452 2961 1538 3026 lacit.

408 3057 447 3112 48
473 3050 498 3112 si
524 3069 607 3132 passi
636 3046 789 3111 fuerimus
815 3045 906 3109 illum
935 3045 980 3110 sic
1015 3068 1125 3110 omnes
1156 3047 1284 3111 credent
1316 3045 1350 3110 in
1383 3047 1474 3111 illum
1508 3053 1540 3111 et

412 3132 543 3198 4041044
564 3131 687 3196 1014441
710 3136 741 3195 04
762 3131 874 3196 4011044
896 3131 1000 3196 100441
1023 3139 1164 3196 nostrum
1179 3140 1213 3196 04
1226 3140 1363 3215 gentem.
1397 3143 1431 3197 49
1448 3133 1539 3198 Unus

412 3227 518 3282 autem
548 3239 588 3281 ex
616 3217 679 3281 illis
707 3216 834 3281 nomine
861 3216 989 3302 caiphas
1019 3217 1075 3300 qui
1101 3228 1169 3282 erat
1198 3239 1280 3281 anno
1308 3217 1364 3281 illo
1393 3217 1539 3303 princeps

412 3305 607 3368 sacerdotum
638 3301 719 3366 dixit
747 3301 811 3366 illis
840 3324 895 3366 uos
926 3301 1056 3366 nescitis
1079 3303 1160 3366 nihil
1204 3314 1239 3367 60
1265 3326 1370 3387 40440
1392 3303 1537 3387 cogitatis

408 3389 496 3475 quod
518 3388 647 3473 expedit
667 3387 757 3452 uobis
780 3395 919 3451 444440
941 3389 1034 3452 homo
1056 3389 1208 3452 moriatur
1230 3412 1285 3474 pro
1308 3388 1399 3473 plebe
1420 3401 1537 3454 04404

411 3482 477 3539 4044
492 3497 569 3558 gens
583 3482 700 3559 pereat.
745 3484 777 3536 61
799 3473 859 3537 hoc
875 3481 981 3537 autem
996 3496 1093 3537 4044
1116 3496 1149 3538 00
1165 3474 1248 3539 dixit
1269 3476 1324 3539 sed
1348 3474 1423 3558 quia
1451 3473 1537 3558 prin-

412 3583 484 3645 ceps
507 3568 574 3624 erat
596 3559 791 3623 sacerdotum
813 3557 984 3643 profetauit
1006 3559 1089 3643 quod
1111 3558 1163 3622 ihs
1186 3582 1241 3644 pro
1256 3570 1351 3643 gente
1366 3565 1432 3624 erat
1447 3558 1538 3622 mori·

408 3651 511 3710 turus.
554 3655 588 3708 62
611 3652 642 3708 04
664 3667 726 3708 404
749 3643 850 3709 001441
872 3666 928 3728 pro
957 3655 1051 3726 gente
1080 3645 1135 3708 sed
1164 3656 1200 3708 ut
1228 3645 1383 3731 dispersos
1413 3667 1537 3729 quoque

411 3731 492 3794 filios
515 3730 547 3794 di
575 3729 609 3792 in
636 3753 736 3792 unum
765 3735 976 3813 congregaret.
1026 3740 1060 3793 63
1089 3731 1141 3793 Ex
1174 3730 1229 3794 illa
1254 3730 1362 3812 itaque
1390 3730 1440 3794 die
1468 3752 1537 3794 con·

412 3815 517 3879 silium
541 3816 683 3879 fecerunt
704 3813 810 3878 iudaei
834 3821 869 3878 ut
891 3814 1070 3879 occiderent
1093 3839 1175 3879 eum.
1221 3825 1255 3879 64
1282 3816 1340 3879 Ι110
1371 3837 1444 3898 ergo
1472 3815 1536 3878 iam

407 3901 515 3986 palam
544 3922 606 3963 non
636 3901 815 3963 ambulabat
840 3899 924 3964 14401
953 3900 1084 3966 iudaeos
1114 3901 1169 3965 sed
1196 3900 1296 3965 habiit
1319 3901 1353 3964 14
1374 3902 1535 3984 regionem

410 4009 506 4072 prope
540 3986 698 4049 desertum
732 3985 765 4048 in
800 3983 963 4050 ciuitatem
997 4008 1078 4069 4440
1110 3986 1226 4051 dieitur
1259 3987 1388 4071 ephrem
1424 3992 1455 4050 04
1489 3985 1535 4048 ibi

407 4071 659 4136 commorabatur
682 4094 754 4135 cum
776 4069 939 4155 discipulis
961 4073 1036 4135 suis.
1082 4083 1115 4135 66
1144 4072 1188 4136 Et
1210 4094 1306 4156 prope
1331 4077 1398 4155 erat
1420 4070 1535 4156 paseha

410 4157 595 4220 iudaeorum
618 4162 649 4220 04
670 4156 879 4221 ascenderunt
894 4156 986 4220 multi
1000 4157 1033 4220 14
1049 4157 1269 4240 hierosolymis
1284 4157 1323 4221 (10
1338 4156 1393 4220 1114
1408 4156 1536 4238 regione

411 4256 484 4306 ante
510 4242 627 4327 pascha
660 4247 695 4306 ut
725 4241 928 4326 purificarent
955 4265 988 4306 se
1032 4253 1066 4305 66
1092 4242 1284 4326 quaerebant
1312 4265 1385 4326 ergo
1414 4242 1481 4304 ihm
1504 4249 1537 4304 04

407 4327 557 4391 dicebant
584 4325 667 4390 inter
696 4351 728 4392 se
757 4327 790 4391 in
819 4327 937 4412 templo
965 4336 1084 4391 stantes
1111 4327 1230 4413 putatis
1253 4327 1336 4411 quod
1359 4349 1422 4390 nou
1445 4325 1536 4391 uenit

408 4412 451 4476 ad
479 4413 563 4477 diem
592 4413 773 4478 solemnem.
825 4411 993 4477 Dederunt
1014 4421 1120 4476 autem
1152 4411 1310 4497 principes
1339 4412 1536 4477 sacerdotum
