3667 5284
303 485 333 540 (l.
351 489 377 540 3.
396 489 422 540 4.
825 483 911 539 Marc.
1391 486 1433 550 93

303 674 514 740 bartolomeus
542 672 632 738 iudas
661 683 693 738 et
718 673 878 738 mattheus
902 722 909 735 .
933 650 1057 737 thomas
1080 678 1113 736 et
1138 670 1266 736 iacobus
1294 670 1430 756 alphei.

303 765 336 824 90
357 759 460 824 simon
482 782 640 832 cananeus
684 770 716 823 19
740 764 772 823 et
793 757 883 822 iudas
906 757 1047 823 cariotha
1070 756 1125 841 qui
1141 766 1173 821 et
1186 755 1316 822 tradidit
1331 757 1431 820 illum.
1523 788 1525 790 v

303 855 338 910 20
359 845 404 910 Εο
427 845 571 910 introiuit
593 845 708 910 iterum
732 843 764 907 in
788 844 917 908 domum
940 849 972 907 90
991 841 1118 908 inuenit
1132 842 1239 907 turbas
1258 843 1303 907 ita
1318 847 1432 906 utnon

325 936 408 996 osset
423 953 536 1015 panem
553 931 753 1014 manducare.
787 940 821 992 21
837 937 869 993 et
885 952 956 994 cum
978 928 1143 994 audissent
1163 927 1202 991 de
1225 951 1262 992 9ο
1286 927 1433 992 exierunt

303 953 445 1080 detinere
474 1038 547 1080 eum
588 1027 622 1080 22
644 1015 765 1080 scribae
787 1023 819 1078 et
848 1013 946 1080 ceteri
970 1064 976 1078 .
1001 1014 1147 1080 dicebant
1172 1012 1258 1078 enim
1281 1012 1431 1097 quoniam

302 1101 447 1166 belzebul
468 1102 563 1166 habet
584 1099 761 1186 prinoipem
783 1100 1019 1164 daemoniorum
1042 1106 1075 1164 et
1097 1097 1228 1183 expellit
1249 1121 1305 1184 per
1327 1097 1431 1182 ipsum

303 1185 479 1252 daemonia.
522 1197 556 1252 23
587 1188 631 1252 Et
660 1209 732 1252 cum
758 1195 902 1252 uocasset
928 1183 1000 1249 illos
1026 1183 1149 1249 dicebat
1180 1184 1226 1248 eis
1248 1183 1430 1269 parabulam

303 1272 458 1356 quomodo
481 1277 585 1357 potest
607 1277 732 1336 satanas
752 1278 885 1336 satanan
908 1270 1076 1355 expellere.
1122 1279 1157 1333 24
1186 1269 1214 1333 si
1235 1275 1343 1334 autem
1366 1291 1431 1354 reg·

302 1380 379 1420 num
402 1357 491 1424 inse
514 1357 674 1422 diuidatur
697 1379 761 1421 uon
783 1362 887 1441 potest
908 1361 991 1420 stare
1014 1363 1046 1420 et
1067 1355 1094 1420 si
1116 1355 1228 1420 domus
1249 1353 1284 1418 in
1298 1377 1333 1420 se
1348 1353 1429 1419 diui·

303 1441 395 1506 datur
417 1465 481 1507 uon
502 1448 605 1528 potest
627 1449 718 1506 stare.
753 1452 787 1505 25
807 1449 838 1506 90
860 1441 888 1506 si
909 1449 1035 1506 satanas
1049 1448 1180 1505 satanan
1196 1439 1277 1505 sicet
1291 1439 1431 1505 diuisum

302 1534 350 1592 est
371 1550 504 1611 regnum
528 1527 597 1592 eius
619 1532 652 1592 et
666 1550 728 1591 non
744 1531 848 1612 potest
862 1532 945 1590 stare
960 1526 1015 1591 sed
1029 1527 1124 1590 finem
1140 1526 1235 1590 habet
1278 1536 1311 1588 27
1327 1525 1430 1589 Nemo

324 1618 405 1678 otest
428 1635 505 1678 uasa
527 1611 617 1678 fortis
639 1612 775 1696 diripere
804 1610 957 1677 introiens
979 1611 1013 1676 in
1042 1611 1171 1676 domum
1199 1610 1263 1674 nisi
1291 1610 1429 1694 primum

300 1635 415 1763 lortem
439 1697 618 1782 alligauerit
640 1705 672 1762 et
698 1696 743 1762 sic
769 1720 846 1762 uasa
874 1695 943 1762 eiua
971 1696 1109 1783 diripiet.
1153 1707 1188 1761 23
1220 1697 1327 1760 Amen
1360 1695 1429 1760 dico

301 1783 391 1852 uobis
417 1783 493 1868 qnia
522 1783 629 1847 omnia
655 1791 784 1868 peccata
814 1784 1016 1848 remittentur
1039 1793 1071 1846 et
1096 1781 1335 1869 blaspbemiliae
1356 1780 1431 1845 filiis

300 1869 466 1934 hominum
509 1879 542 1934 29
566 1868 621 1952 qui
643 1877 750 1933 autem
772 1867 1043 1953 blasphemauerit
1064 1873 1097 1932 in
1120 1877 1189 1953 epm
1205 1874 1349 1932 sanctum
1365 1889 1429 1930 non

301 1953 397 2020 habet
418 1952 548 2018 remissa
570 1954 625 2018 sed
647 1976 719 2018 reus
742 1953 803 2018 erit
824 1954 946 2018 aeterni
967 1953 1088 2039 peccati
1121 1965 1157 2018 30
1178 1953 1328 2037 quoniam
1351 1952 1429 2017 dice·

302 2041 378 2104 baut
399 2039 491 2104 illum
513 2039 712 2104 immundum
735 2049 804 2124 spffl
826 2040 950 2104 habere.
996 2051 1030 2102 31
1058 2039 1104 2104 Et
1126 2040 1216 2103 uenit
1236 2046 1338 2103 mater
1360 2037 1429 2103 eius

301 2130 334 2189 et
356 2123 468 2190 fratres
491 2133 523 2190 et
545 2124 620 2190 foris
643 2131 762 2189 stantes
785 2129 818 2189 90
838 2123 994 2190 miserunt
1015 2124 1056 2188 ad
1078 2148 1151 2188 eum
1174 2131 1322 2188 uocantes
1344 2147 1426 2188 eum.

300 2221 335 2274 32
364 2210 408 2276 Et
436 2217 594 2276 uenerunt
623 2211 663 2274 ad
692 2233 765 2274 eum
792 2211 902 2274 turbae
931 2219 964 2275 et
992 2209 1142 2274 dixerunt
1156 2209 1212 2278 ,illi
1234 2230 1305 2274 ecce
1327 2215 1429 2274 mater

301 2306 356 2360 tua
379 2303 411 2360 et
431 2295 544 2360 fratres
566 2295 615 2360 tui
637 2294 712 2361 foris
735 2301 819 2360 stant
838 2295 982 2360 uolentes
996 2300 1028 2359 te
1043 2294 1161 2359 uidere.
1195 2306 1230 2358 33
1243 2295 1305 2358 Ille
1321 2302 1427 2359 antem

300 2381 493 2466 respondens
515 2381 598 2446 dixit
619 2380 666 2444 eis
689 2404 769 2465 quae
793 2387 841 2444 est
861 2388 964 2445 mater
985 2404 1056 2444 mea
1078 2390 1133 2445 aut
1156 2380 1301 2464 quisunt
1316 2379 1428 2444 fratres

300 2469 372 2530 mei.
417 2475 452 2530 34
483 2472 515 2532 90
543 2466 766 2552 circumspexit
795 2489 848 2530 eos
882 2465 938 2550 qui
975 2465 1247 2531 circumsedebant
1280 2513 1287 2527 .
1323 2473 1355 2529 et
1384 2465 1428 2530 ait

299 2573 370 2620 ecce
385 2555 493 2616 'mater
515 2558 547 2616 et
568 2550 681 2616 fratrea
702 2551 767 2616 mei
810 2563 844 2616 35
871 2551 1060 2636 quicumque
1086 2551 1199 2616 fecerit
1230 2551 1427 2616 uoluntatem

299 2637 331 2701 di
352 2637 405 2702 hic
427 2635 506 2702 mihi
530 2638 626 2702 frater
649 2643 681 2702 et
704 2659 789 2702 soror
811 2646 843 2700 et
864 2644 967 2702 mater
987 2645 1044 2702 est.

384 2721 445 2788 IV.
491 2733 507 2786 1
536 2722 581 2787 Et
610 2721 713 2808 coepit
742 2722 858 2788 iterum
887 2723 998 2787 docere
1024 2723 1064 2786 ad
1092 2744 1209 2786 mare.
1238 2727 1270 2786 et
1298 2721 1427 2786 collecta

299 2814 347 2872 est
369 2809 408 2871 ad
431 2831 503 2874 eum
527 2809 619 2873 turba
641 2808 741 2873 multa
763 2814 800 2872 ut
826 2831 943 2872 nauem
969 2808 1152 2872 ascenderet
1179 2812 1211 2872 et
1236 2808 1361 2872 sederet
1387 2807 1426 2870 ad

298 2891 375 2958 litua
397 2899 429 2958 et
451 2893 554 2958 omnis
577 2894 669 2958 turba
692 2895 725 2958 in
748 2893 840 2957 litore
862 2894 992 2960 sedebat
1035 2904 1052 2956 2
1081 2900 1113 2958 90
1142 2893 1273 2958 docebat
1299 2893 1370 2957 illos
1392 2892 1426 2955 in

298 2978 449 3063 parabule
471 2979 580 3044 diceus
623 2990 640 3042 3
663 2978 770 3044 audite
794 3001 865 3042 ecce
887 2978 969 3043 exiit
991 2979 1151 3042 seminans
1174 2977 1330 3043 seminare
1363 2984 1427 3042 490

299 3066 332 3126 in
360 3063 544 3128 seminando
574 3065 728 3148 quaedam
758 3063 959 3128 caecideruut
986 3063 1078 3128 iuxta
1100 3063 1186 3128 uiam
1209 3070 1241 3128 et
1270 3075 1426 3129 uenerunt

299 3148 441 3212 uolatilra
463 3155 495 3212 90
518 3149 724 3214 comederunt
746 3171 791 3212 ea.
837 3159 854 3214 5
883 3149 947 3213 alia
975 3154 1083 3214 autem
1109 3148 1310 3214 caeciderunt
1332 3171 1427 3234 super

297 3239 422 3318 petrosa
437 3241 470 3298 90
484 3233 634 3318 quoniam
649 3256 712 3297 non
735 3234 914 3300 habuerunt
935 3242 1051 3299 terram
1066 3235 1201 3299 multam
1215 3233 1425 3299 fructifioaue-

297 3326 372 3384 runt
402 3318 472 3384 cito.
518 3333 545 3386 o.
560 3317 644 3385 lacto
676 3323 782 3384 autem
811 3320 876 3405 sole
905 3327 1133 3385 aestuauerunt
1153 3327 1320 3405 propterea
1341 3318 1425 3404 quod

267 3437 269 3442 ·
298 3427 362 3468 non
394 3404 547 3470 haberent
573 3404 712 3470 radicem
746 3411 905 3471 aruerunt.
952 3416 967 3469 7
1002 3411 1034 3471 et
1066 3405 1130 3470 alia
1159 3405 1358 3470 caeciderunt
1391 3404 1425 3468 iu

297 3489 403 3574 spinas
428 3539 434 3552 .
458 3501 490 3555 et
519 3490 729 3556 ascenderunt
760 3490 870 3575 spinae
899 3497 932 3556 et
953 3490 1189 3556 suffocauerunt
1209 3490 1265 3554 illa
1287 3498 1320 3555 et
1342 3490 1426 3554 facta

297 3581 372 3638 sunt
393 3573 597 3641 infructuosa.
641 3588 660 3641 8
688 3582 720 3641 90
742 3576 805 3640 alia
834 3577 1098 3641 caeciderunt-
1121 3614 1163 3621 —
1184 3614 1226 3621 —
1249 3587 1282 3641 19
1305 3611 1346 3622 -
1368 3600 1425 3640 nes

298 3659 384 3725 uitae
413 3668 445 3724 ct
467 3659 689 3726 oblectationes
713 3661 832 3727 saeculi
854 3661 1040 3727 comitantes
1061 3661 1215 3727 suffocant
1236 3663 1371 3726 uerbum
1393 3670 1425 3725 et

296 3744 485 3811 infructuosi
517 3754 600 3810 suut.
644 3757 679 3812 20
710 3747 745 3810 hi
777 3753 884 3811 autem
914 3753 990 3812 sunt
1015 3747 1072 3832 qui
1102 3747 1136 3811 iu
1165 3753 1281 3811 terram
1309 3748 1423 3812 bonam

297 3831 414 3897 eadunt
437 3830 492 3914 qui
514 3831 648 3896 audiunt
669 3833 800 3897 uerbum
824 3838 856 3897 et
877 3832 1058 3919 percipiunt
1072 3837 1104 3898 et
1118 3831 1255 3896 fructum
1277 3831 1426 3897 adferunt

297 3937 398 3982 unum
412 3916 521 3981 XXX
538 3965 544 3978 .
562 3924 594 3981 90
610 3940 710 3981 unum
725 3966 735 3986 .
750 3918 818 3982 LX
834 3967 840 3980 .
857 3932 889 3982 et
903 3941 1003 3982 unum
1020 3918 1065 3983 O„
1100 3928 1133 3980 21
1155 3917 1200 3982 Εο
1215 3918 1339 3983 dicebat
1360 3918 1424 3982 illis

296 4001 450 4086 numquid
478 4002 657 4069 accenditur
679 4003 809 4068 lucerua
831 4011 868 4067 ut
890 4004 948 4068 sub
970 4004 1110 4068 modium
1132 4008 1268 4089 ponatur
1290 4008 1345 4068 aut
1366 4005 1425 4068 sub

296 4087 412 4152 lectum
441 4087 497 4152 sed
525 4110 620 4172 super
642 4089 873 4154 candelabrum.
917 4100 1037 4154 22nou
1059 4087 1146 4152 eninr
1168 4095 1216 4153 est
1237 4091 1422 4154 absconsum

296 4172 351 4236 sed
367 4178 403 4237 ut
418 4171 451 4236 in
466 4174 584 4258 palram
599 4173 717 4239 ueniat.
750 4186 784 4238 23
799 4175 824 4240 si
840 4173 911 4256 quis
925 4174 1021 4240 babet
1035 4196 1127 4239 aures
1139 4173 1289 4239 audiendi
1304 4173 1422 4239 audiat.

296 4265 331 4319 24
351 4262 383 4322 90
405 4257 529 4323 dicebat
550 4258 614 4327 illis
637 4258 744 4324 uidete
767 4259 844 4343 quid
867 4258 1002 4324 audiatis
1024 4259 1058 4323 in
1081 4283 1143 4345 qua
1159 4283 1306 4325 mensura
1320 4259 1423 4324 mensi

296 4341 383 4406 eritis
405 4342 440 4406 in
462 4343 518 4407 illa
540 4342 690 4410 metietur
706 4344 804 4409 uobis.
838 4355 873 4408 25
891 4344 947 4428 qui
963 4343 1049 4408 enim
1064 4346 1159 4412 habet
1174 4345 1301 4410 dabitur
1322 4344 1371 4408 illi
1390 4352 1423 4409 90

296 4425 429 4509 quinon
444 4428 540 4493 habet
552 4429 586 4493 id
601 4431 685 4513 quod
700 4431 796 4494 habet
817 4428 978 4495 auferetur
999 4431 1037 4493 ab
1058 4454 1104 4495 eo.
1138 4441 1173 4494 26
1192 4435 1224 4495 90
1239 4430 1363 4496 dicebat
1377 4429 1423 4494 sic

296 4517 343 4577 est
357 4535 490 4598 reguum
506 4513 537 4577 di
554 4515 709 4598 quomodo
723 4516 817 4578 homo
832 4539 904 4580 cum
919 4515 1019 4581 mittit
1033 4515 1273 4581 seminationem
1288 4517 1323 4580 in
1338 4522 1424 4581 terra
