3667 5284
302 491 332 546 G.
352 493 391 544 14.
411 492 451 545 15.
813 489 914 544 Matth.
1407 491 1427 554 3

303 680 386 746 facto
408 679 493 744 solus
516 678 582 744 illic
604 677 667 743 fuit
710 687 744 742 24
765 677 856 743 11110
872 683 979 743 autem
994 678 1058 743 iarn
1075 685 1142 743 erat
1159 677 1192 742 in
1206 677 1404 742 mediomari
1421 727 1428 740 .

304 771 336 831 et
358 765 481 848 magnis
502 764 649 828 fluctibus
675 763 864 828 laborabat.
890 772 958 829 erat
985 763 1070 827 enim
1099 763 1276 828 contrarius
1304 769 1427 828 uentus.

303 863 337 917 25
365 851 486 935 Quarta
515 858 621 913 autem
649 847 759 932 uigilia
790 849 890 914 noctis
918 849 1009 913 uenit
1037 849 1077 912 ad
1106 871 1159 914 000
1188 848 1239 912 ihs
1265 849 1429 914 ambulans

299 959 398 1020 ‚super
421 958 514 1000 mare.
559 945 593 998 26
616 957 685 998 0111
709 933 864 999 uidissent
885 940 992 999 autern
1014 934 1104 998 illum
1121 933 1253 997 inmari
1269 935 1428 999 ambulan-

268 1029 269 1034 ’
305 1031 399 1089 tem.
424 1019 541 1085 turbati
569 1029 644 1084 sunt
675 1019 814 1084 dicentes
843 1019 1000 1084 fantasma
1030 1026 1078 1084 est
1107 1023 1140 1084 et
1166 1043 1184 1082 a
1218 1029 1306 1085 metu
1327 1020 1430 1084 excla-

305 1113 481 1172 mauerunt.
533 1116 566 1169 27
595 1104 755 1170 Continuo
784 1112 890 1169 autern
920 1105 972 1174 ihs
999 1105 1122 1170 locutus
1150 1113 1197 1169 est
1225 1103 1290 1168 illis
1322 1105 1430 1170 dicens

305 1196 482 1264 constantes
506 1194 605 1255 estote
628 1212 686 1268 ego
708 1213 778 1254 sum
801 1190 901 1255 nolite
925 1199 1075 1256 metuere.
1119 1201 1154 1254 28
1176 1189 1353 1275 Respondit
1377 1189 1426 1254 illi

305 1285 412 1363 petrus
445 1285 476 1340 et
509 1274 591 1340 dixit
620 1275 683 1340 1110
711 1275 738 1340 01
766 1282 801 1340 11
832 1299 864 1340 00
894 1276 968 1340 iube
995 1299 1046 1340 me
1073 1277 1181 1340 uenire
1208 1276 1248 1340 ad
1274 1283 1307 1340 te
1335 1298 1432 1360 super

305 1386 427 1448 aquam.
473 1361 577 1425 291110
600 1369 705 1424 autern
730 1359 811 1425 dixit
833 1361 910 1426 ueni
933 1366 965 1426 et
988 1360 1142 1426 discendit
1164 1360 1203 1424 de
1225 1361 1300 1424 naui
1322 1368 1430 1446 petrus

305 1462 337 1513 et
358 1446 533 1512 ambulauit
555 1468 650 1531 super
672 1468 786 1530 aquam
810 1454 841 1512 et
856 1446 981 1511 ueniret
996 1446 1035 1510 ad
1050 1445 1126 1510 ihm.
1171 1457 1206 1511 30
1220 1470 1291 1511 cum
1306 1446 1430 1511 uideret
1451 1453 1454 1459 ’

304 1540 410 1598 autem
445 1539 575 1597 uentum
617 1531 759 1596 ualidum
792 1531 899 1598 timuit
934 1583 940 1593 .
971 1543 1005 1597 et
1038 1555 1109 1597 cum
1141 1531 1205 1596 iam
1238 1537 1430 1616 mergeretur

295 1617 494 1688 ,exclamauit
516 1617 623 1682 dicens
651 1616 714 1680 1110
743 1617 842 1683 libera
875 1641 935 1683 me.
979 1629 1012 1682 31
1047 1616 1206 1681 Oontinuo
1239 1624 1344 1682 autem
1378 1617 1431 1689 ihs

305 1702 449 1769 extendit
482 1725 611 1766 manum
644 1708 676 1766 et
709 1703 936 1788 adpraehendit
973 1703 1065 1767 illum
1102 1711 1134 1766 et
1163 1709 1196 1766 at
1228 1701 1275 1766 illi
1309 1702 1430 1767 modice

304 1789 378 1854 fidei
400 1789 439 1853 ad
463 1788 536 1872 quid
555 1786 713 1867 dubitasti.
758 1798 792 1852 32
825 1795 857 1852 01
890 1811 962 1853 curn
996 1787 1187 1852 ascendisset
1217 1810 1331 1851 nauem
1366 1811 1431 1852 cae-

297 1874 382 1944 cidit
414 1883 539 1937 uentus.
594 1884 628 1936 33
659 1872 706 1936 illi
743 1882 847 1938 autem
883 1873 939 1957 qui
974 1873 1006 1936 in
1040 1871 1116 1937 naui
1152 1878 1241 1938 erant
1273 1883 1431 1938 uenerunt

306 1965 338 2025 et
363 1960 575 2023 adorauerunt
601 1981 674 2022 eum
701 1958 841 2024 dicentes
872 1982 947 2024 uere
973 1958 1059 2022 filius
1088 1958 1120 2022 di
1148 1980 1189 2023 es.
1234 1967 1269 2022 34
1297 1971 1330 2022 et
1358 1981 1431 2022 cum

306 2043 562 2110 transfretassent
583 2049 741 2108 uenerunt
762 2044 801 2108 ad
823 2050 939 2109 terram
962 2066 1125 2128 gennesar.
1170 2054 1204 2108 35
1226 2049 1258 2108 01
1277 2065 1348 2111 curn
1364 2067 1431 2127 cog-

307 2130 470 2194 nouissent
498 2151 571 2192 0111
597 2127 740 2194 homines
767 2128 828 2193 loci
857 2129 944 2194 illius
972 2129 1126 2194 miserunt
1154 2127 1188 2193 in
1215 2134 1314 2193 totam
1342 2129 1430 2194 illam

307 2213 466 2298 regionem
489 2219 520 2277 et
542 2213 724 2279 obtulerunt
746 2213 794 2278 illi
816 2215 898 2280 male
921 2215 1074 2280 habentes
1108 2225 1143 2278 36
1172 2220 1204 2279 et
1227 2215 1432 2279 obsecrabant

234 2323 239 2335 ’
307 2323 379 2364 eum
406 2303 528 2364 tanturn
553 2306 589 2362 11
617 2305 782 2382 tangerent
809 2299 964 2365 fimbriam
992 2298 1174 2366 uestimenti
1196 2299 1265 2364 0110
1283 2305 1316 2364 01
1337 2301 1430 2384 quod-

307 2385 390 2468 quod
412 2383 584 2470 tetigerunt
606 2384 720 2450 saluati
742 2392 824 2450 sunt.

392 2469 471 2536 XV.
527 2479 552 2532 1.
607 2470 697 2541 Tunc
733 2474 930 2536 accesserunt
961 2469 1001 2534 ad
1034 2494 1107 2534 eum
1139 2470 1177 2535 ab
1211 2469 1432 2555 hierosolymis

305 2554 433 2621 farisaei
456 2561 488 2620 et
510 2553 631 2620 scribae
653 2554 793 2621 dicentes
836 2567 972 2640 201110
995 2555 1140 2640 discipuli
1163 2556 1210 2620 tui
1226 2556 1432 2639 egrediuntur

305 2641 507 2707 traditionem
529 2641 707 2705 saeniorum
730 2664 793 2705 non
809 2641 893 2705 enim
910 2641 1018 2705 labant
1032 2664 1144 2705 manus
1159 2664 1231 2706 suas
1247 2664 1318 2705 curn
1334 2641 1434 2706 edunt

306 2750 429 2813 panem.
475 2737 492 2790 3
514 2726 575 2790 Ille
598 2735 702 2790 autern
726 2725 888 2811 respondit
910 2732 943 2791 01
965 2725 1047 2791 dixit
1069 2750 1166 2811 quare
1182 2735 1214 2791 et
1228 2748 1285 2792 uos
1307 2726 1431 2810 egrede-

306 2812 385 2876 mini
407 2811 590 2876 mandatum
614 2812 647 2875 dr
676 2819 803 2897 propter
832 2811 1036 2876 traditionem
1068 2822 1216 2882 uestram.
1268 2812 1317 2875 De
1343 2811 1428 2876 enirn

307 2897 389 2960 dixit
430 2897 588 2961 41101010
609 2905 731 2982 patrem
755 2904 786 2962 et
808 2903 941 2962 matrem
965 2945 971 2960 .
996 2902 1028 2961 et
1049 2897 1106 2982 qui
1127 2896 1326 2961 maledixerit
1347 2897 1430 2982 patri
1514 2904 1536 2938 ¹

308 2988 362 3046 aut
373 2980 467 3046 matri
479 2983 572 3046 morti
583 2982 744 3046 moriatur.
768 2988 971 3048 5100011011
989 2982 1093 3047 dicitis
1106 2982 1297 3068 quicumque
1312 2982 1433 3046 dixerit
1531 2990 1533 2995 ’

238 3109 240 3112 .
307 3066 390 3150 petri
413 3070 468 3130 aut
489 3067 584 3131 matri
607 3067 723 3132 donum
746 3090 851 3132 meum
874 3067 1016 3153 proficiet
1038 3067 1096 3133 tibi
1139 3080 1240 3132 6101
1263 3068 1430 3133 1101011111

307 3154 429 3236 patrem
451 3173 543 3216 suum
567 3203 573 3214 .
598 3157 630 3236 01
652 3153 825 3218 euacuastis
853 3155 986 3218 uerbum
1013 3153 1045 3216 di
1073 3159 1200 3239 propter
1227 3152 1431 3218 traditionem

309 3241 456 3301 uestram.
502 3237 707 3322 lEpocritae
729 3239 809 3302 bene
831 3239 992 3323 profitauit
1013 3241 1052 3302 de
1074 3239 1164 3304 uobis
1193 3238 1293 3304 eseias
1323 3238 1432 3303 dicens
1463 3249 1471 3255 ’

307 3333 324 3386 8
345 3321 480 3406 populus
496 3321 556 3386 iste
578 3321 669 3386 labiis
692 3347 742 3387 me
766 3323 890 3407 diligit.
908 3346 961 3388 cor
982 3329 1089 3388 autem
1112 3347 1220 3388 eorum
1243 3324 1336 3407 longe
1351 3330 1431 3388 esta

309 3429 368 3470 me.
413 3417 429 3471 9
453 3429 534 3470 1010
557 3412 662 3471 autem
686 3407 792 3472 colunt
813 3432 864 3472 me
886 3409 1033 3474 docentes
1048 3409 1205 3474 doctrinas
1220 3412 1252 3473 et
1265 3418 1432 3494 praecepta

307 3490 483 3558 hominurn.
505 3498 508 3504 ’
530 3503 564 3557 10
584 3493 629 3556 Et
651 3493 802 3558 aduocata
827 3494 918 3558 turba
941 3493 1018 3558 dicit
1041 3494 1104 3559 illis
1126 3495 1234 3559 audite
1256 3499 1289 3558 et
1307 3493 1433 3558 intelle·

309 3577 374 3660 gite
419 3588 451 3640 11
473 3599 537 3641 non
561 3578 643 3661 quod
666 3577 776 3642 introit
798 3577 831 3642 in
847 3602 882 3643 os
897 3578 1081 3663 coinquinat
1102 3579 1264 3644 hominem
1278 3580 1332 3644 sed
1348 3581 1431 3663 quod

309 3662 469 3745 egreditur
491 3662 529 3726 10
558 3685 611 3727 ore
642 3663 824 3747 coinquinat
853 3663 1022 3729 hominem.
1068 3675 1101 3727 12
1129 3674 1207 3729 1110
1235 3674 1435 3730 accesserunt

309 3747 349 3812 ad
381 3770 454 3811 eum
488 3746 635 3833 discipuli
668 3753 700 3813 et
733 3749 883 3814 dixerunt
911 3749 972 3815 scis
1003 3749 1152 3834 quoniam
1180 3749 1336 3835 pharisaei
1360 3774 1432 3815 cum

308 3831 469 3899 audissent
501 3833 633 3898 uerbum
669 3834 752 3898 hunc
785 3833 986 3899 scandalisati
1018 3842 1100 3900 sunt.
1156 3846 1190 3899 13
1226 3835 1287 3900 Ille
1323 3845 1429 3901 autem

307 3917 470 4004 respondit
491 3925 524 3982 et
546 3918 627 3983 dixit
648 3917 750 3984 omnis
772 3919 925 4004 plantatio
948 3942 1043 4003 quarn
1065 3943 1128 3991 non
1157 3920 1314 4007 plantauit
1342 3929 1434 4006 pater

308 4027 397 4068 meus
420 4001 563 4068 caelestis
585 4003 802 4070 eradicabitur.
849 4015 882 4069 14
908 4005 1003 4069 sinite
1032 4005 1103 4071 illos
1130 4005 1215 4072 caeci
1240 4010 1314 4072 eunt
1336 4008 1433 4072 duces

308 4111 471 4158 caecorum
506 4110 618 4154 caecus
640 4099 748 4154 autem
781 4090 810 4156 01
843 4113 971 4156 caecum
994 4092 1088 4156 ducat
1108 4090 1203 4156 simul
1236 4091 1271 4156 in
1304 4091 1432 4157 foueam

309 4175 433 4239 cadunt.
479 4184 512 4237 15
534 4174 711 4260 Respondit
733 4183 839 4240 autern
862 4183 970 4262 petrus
993 4183 1026 4240 et
1047 4177 1129 4241 dixit
1150 4176 1199 4241 illi
1220 4200 1312 4242 narra
1340 4178 1429 4241 nobis

309 4261 370 4324 dire
392 4257 634 4324 similitudinem
656 4259 757 4325 istam.
803 4272 836 4325 16
868 4261 930 4326 Ille
952 4269 1058 4327 autem
1081 4261 1163 4327 dixit
1185 4263 1287 4327 adhuc
1312 4268 1344 4328 et
1374 4285 1432 4327 uos

309 4344 460 4410 insensati
482 4343 558 4409 00110
602 4356 634 4408 17
656 4369 718 4410 101
735 4345 920 4430 intellegitis
936 4347 1086 4431 quoniam
1102 4363 1195 4412 omne
1218 4347 1301 4431 quod
1322 4347 1431 4413 introit

309 4427 343 4492 in
365 4452 399 4494 os
414 4430 447 4494 in
469 4438 581 4495 uentre
603 4430 691 4496 uadit
719 4439 750 4498 et
772 4430 909 4497 mittitur
931 4432 1143 4502 inaccessum
1187 4443 1220 4497 18
1243 4455 1324 4516 quae
1346 4455 1430 4517 egre·

310 4513 439 4579 diuntur
454 4537 494 4579 ex
510 4537 562 4581 ore
585 4514 624 4580 de
646 4515 737 4581 00110
759 4530 876 4582 exeunt
891 4523 925 4582 et
939 4517 994 4583 illa
1017 4517 1249 4584 communicant
1270 4518 1430 4582 hominem
