3667 5284
418 510 460 576 66
918 510 968 564 Er.
988 525 1040 564 sec.
1409 511 1480 565 (1.9.
1501 512 1543 565 10.

418 721 550 784 puerum
574 697 669 766 istum
692 695 726 763 in
748 697 876 764 nomine
898 721 969 763 meo
993 722 1043 762 me
1065 697 1177 784 recipit
1200 706 1255 764 .et
1279 699 1334 783 qui
1357 723 1407 762 me
1430 699 1543 785 recipit

416 781 531 870 recipit
552 807 626 848 eum
649 783 704 869 qui
727 807 777 848 me
800 782 887 849 misit
909 836 915 849 .
941 783 996 866 555
1019 782 1104 848 euim
1119 783 1270 849 minimus
1285 783 1382 850 fuerit
1396 785 1429 848 in
1445 785 1542 849 omni·

417 871 475 935 555
498 870 588 934 55555
610 865 662 934 hic
684 869 744 934 erit
768 889 909 954 magnus.
955 879 989 933 49
1011 868 1188 954 Respondit
1209 874 1315 954 autem
1337 869 1489 935 iohannes
1512 879 1545 935 et
1584 880 1585 883 ’

418 953 500 1020 dixit
523 955 670 1040 magister
699 955 837 1020 uidimus
867 951 1024 1040 quendam
1047 953 1079 1016 55
1103 953 1232 1019 nomine
1253 961 1308 1020 tuo
1331 956 1542 1041 expellentem

416 1039 582 1106 daemonia
608 1047 641 1106 et
670 1041 854 1105 uetabamus
885 1039 975 1104 illurn
1008 1039 1083 1124 quia
1109 1063 1171 1104 non
1201 1040 1343 1124 sequitur
1370 1041 1543 1106 nobiscum.

417 1134 452 1192 50
473 1124 569 1190 Dixit
591 1131 697 1191 autem
719 1125 771 1190 ihs
794 1126 891 1191 nolite
914 1131 1023 1189 uetare
1046 1123 1100 1209 qui
1123 1125 1208 1190 enim
1231 1131 1356 1191 nonest
1375 1127 1541 1192 aduersum

418 1234 475 1277 uos
497 1234 553 1297 pro
575 1211 666 1276 uobis
688 1219 736 1276 est
761 1263 767 1274 .
791 1233 884 1274 nemo
907 1210 992 1275 enirn
1020 1221 1068 1274 est
1095 1212 1149 1294 qui
1176 1235 1239 1276 non
1268 1209 1363 1277 faciat
1391 1213 1542 1277 uirtutem

418 1295 452 1362 in
476 1295 603 1361 nomine
626 1319 704 1361 meo.
750 1307 782 1360 51
806 1297 941 1361 Factum
964 1301 1012 1360 est
1034 1303 1140 1361 autem
1163 1296 1300 1361 555555
1321 1298 1543 1384 supplerentur

418 1381 485 1447 dies
514 1379 742 1468 adsumptionis
772 1380 840 1446 eius
870 1387 901 1446 et
930 1381 996 1467 ipse
1028 1380 1141 1446 faciem
1172 1405 1261 1447 suam
1284 1383 1482 1447 confirmauit
1503 1380 1543 1447 ad

417 1465 607 1532 hierusalem
652 1478 686 1532 52
708 1471 741 1531 et
762 1465 926 1553 praemisit
947 1465 1075 1531 nuntios
1100 1472 1173 1531 aute
1196 1490 1248 1531 eos
1269 1467 1359 1553 quasi
1381 1491 1543 1553 praepara-

419 1557 489 1618 rent
508 1552 557 1616 illi
600 1563 634 1617 53
657 1557 689 1618 55
710 1575 773 1616 555
797 1561 984 1637 receperunt
1006 1552 1095 1616 illum
1119 1552 1267 1637 quoniam
1282 1553 1378 1618 facies
1393 1553 1461 1618 eius
1477 1562 1545 1618 erat

418 1637 565 1703 euntibus
596 1638 629 1702 55
663 1637 863 1702 hierusalem.
909 1647 944 1701 54
975 1636 1059 1701 Cum
1087 1637 1242 1702 uidissent
1269 1644 1374 1703 autem
1397 1638 1542 1724 discipuli

418 1717 544 1788 iacobus
567 1728 599 1788 et
620 1721 773 1788 iohannes
796 1723 946 1789 dixerunt
967 1723 1028 1787 dne
1051 1723 1101 1787 uis
1123 1723 1257 1788 dicimus
1279 1733 1314 1789 ut
1329 1724 1411 1808 ignis
1427 1724 1543 1788 discen-

418 1807 472 1873 dat
493 1808 532 1873 de
555 1809 642 1874 caelo
665 1809 704 1872 ad
727 1806 797 1873 illos
821 1819 852 1874 et
875 1817 1039 1875 consumat
1061 1831 1122 1873 eos.
1168 1819 1201 1873 55
1228 1808 1408 1879 Conuersus
1437 1819 1542 1874 autem

418 1891 569 1979 corripuit
591 1893 662 1958 illos
685 1898 716 1958 55
738 1891 820 1959 dixit
835 1893 898 1958 illis
913 1893 1042 1959 nescitis
1058 1893 1147 1959 cuius
1162 1893 1289 1980 spiritui
1303 1895 1378 1960 estis
1411 1902 1444 1958 56
1459 1895 1545 1960 filius

418 1971 556 2044 bominis
583 2002 647 2043 non
680 1977 769 2044 uenit
799 1979 920 2044 animas
948 1979 1078 2064 perdere
1107 1979 1162 2043 sed
1190 1980 1312 2044 saluare
1341 1985 1373 2045 et
1402 1979 1479 2045 abiit
1510 1980 1542 2044 in

419 2064 516 2129 alium
540 2065 712 2129 castellum.
758 2076 790 2129 57
813 2062 857 2128 Et
879 2063 998 2129 facturn
1021 2069 1068 2129 est
1089 2088 1161 2129 cum
1184 2065 1380 2130 ambularent
1402 2065 1434 2129 in
1459 2065 1544 2148 uiam

420 2149 501 2215 dixit
524 2150 652 2232 quidam
674 2150 713 2214 ad
735 2149 827 2214 illum
850 2173 964 2234 sequar
986 2158 1018 2215 te
1041 2173 1238 2235 quocumque
1261 2150 1344 2214 ierie.
1389 2162 1423 2215 58
1445 2147 1545 2216 Dixit

420 2234 485 2300 illis
503 2235 555 2299 ihs
572 2235 683 2320 uulpes
703 2236 899 2320 receptacula
917 2236 1035 2300 habent
1055 2244 1086 2300 et
1102 2235 1242 2300 uolatilia
1258 2236 1337 2300 caeli
1352 2237 1443 2300 nidos
1460 2237 1545 2301 filius

420 2327 525 2385 autem
549 2320 686 2385 hominis
708 2321 888 2386 nonhabet
910 2321 963 2384 ubi
987 2320 1088 2404 capud
1110 2344 1202 2385 suurn
1217 2321 1360 2386 declinet.
1395 2333 1428 2386 59
1450 2323 1545 2388 Dixit

420 2413 527 2470 autem
554 2406 594 2470 ad
624 2406 757 2472 alterurn
788 2413 823 2472 ut
852 2411 1035 2490 sequeretur
1063 2429 1105 2470 55.
1151 2406 1211 2470 Ille
1240 2412 1346 2472 antem
1374 2407 1456 2472 dixit
1482 2409 1543 2472 dne

420 2491 568 2588 permitte
591 2515 641 2556 me
663 2493 764 2576 primo
787 2493 832 2556 ire
855 2499 888 2555 et
908 2490 1035 2576 sepilire
1058 2500 1178 2577 patrem
1203 2515 1316 2556 meum.
1351 2504 1386 2558 60
1405 2493 1448 2557 Et
1462 2494 1541 2557 dixit

420 2574 484 2642 illis
507 2576 558 2640 ihs
581 2577 648 2642 sine
671 2576 786 2642 mortni
809 2571 977 2662 sepelliant
998 2586 1136 2641 mortuos
1159 2600 1230 2642 suos
1255 2628 1260 2638 .
1284 2583 1319 2642 tu
1342 2585 1445 2642 autem
1462 2579 1539 2642 uado

421 2668 453 2726 et
475 2661 628 2726 adnuntia
650 2685 782 2746 regnum
805 2663 845 2726 di.
890 2673 924 2726 61
952 2661 1045 2726 Dixit
1072 2667 1176 2727 autern
1208 2671 1239 2727 et
1268 2664 1348 2727 alius
1377 2686 1486 2747 sequar
1501 2671 1538 2726 te

421 2746 483 2811 dne
505 2747 606 2832 primo
630 2755 735 2812 autern
759 2747 837 2811 mihi
860 2748 1008 2832 permitte
1031 2749 1177 2811 nuntiare
1199 2748 1245 2813 eis
1269 2747 1324 2832 555
1347 2749 1436 2813 domo
1458 2758 1539 2813 sunt.

420 2844 455 2897 62
477 2831 535 2897 Ibs
558 2839 675 2922 autem
688 2831 769 2897 dixit
792 2833 838 2896 illi
861 2857 954 2897 nemo
976 2843 1059 2897 retro
1081 2834 1255 2898 adtendens
1277 2843 1309 2899 et
1331 2857 1542 2920 superponens

421 2941 551 2983 manum
574 2941 662 2983 suam
685 2942 741 3003 per
763 2924 901 2982 aratrum
925 2923 1016 3003 aptus
1038 2927 1085 2982 555
1107 2942 1202 3001 regno
1225 2920 1266 2982 di.

506 3001 552 3068 X.
599 3015 613 3066 1
635 3003 744 3086 Elegit
767 3010 872 3068 autem
897 3010 929 3068 et
950 3002 1027 3067 alios
1050 3003 1191 3068 LXXII
1218 3017 1249 3068 et
1271 3003 1434 3090 praemisit
1455 3003 1545 3068 binos

318 3158 320 3163 ,
421 3095 495 3154 5555
518 3089 632 3154 faciem
654 3112 743 3154 suam
765 3088 800 3153 55
822 3112 948 3152 ornnem
971 3089 1073 3153 locum
1095 3095 1127 3154 et
1154 3089 1317 3155 ciuitatem
1346 3113 1545 3174 quocumque

421 3173 609 3239 introiturus
630 3173 713 3257 [erat.
760 3185 776 3237 2
806 3173 928 3238 dicebat
957 3179 1063 3238 autem
1093 3183 1125 3239 et
1147 3176 1185 3238 ad
1207 3174 1277 3239 illos
1302 3199 1419 3240 messes
1447 3175 1547 3238 multa

422 3269 454 3324 55
476 3259 598 3345 operari
620 3267 727 3324 autem
748 3260 849 3345 pauci.
895 3259 1059 3324 Postulate
1078 3283 1097 3322 5
1112 3261 1175 3324 dno
1199 3259 1308 3325 messis
1330 3270 1366 3326 ut
1387 3260 1546 3346 operarios

421 3344 528 3410 mittat
555 3345 593 3410 ad
623 3368 756 3410 messem
786 3368 883 3410 suam.
928 3357 945 3409 3
976 3344 1020 3409 ite
1051 3367 1123 3409 5555
1152 3343 1243 3410 mitto
1272 3369 1327 3409 uos
1349 3345 1389 3409 ad
1411 3369 1545 3411 messem

361 3453 366 3466 ·
422 3431 577 3514 quomodo
600 3453 697 3515 agnos
711 3430 745 3494 in
761 3430 864 3495 medio
879 3430 1034 3516 luporum.
1068 3441 1086 3493 4
1100 3430 1197 3496 nolite
1212 3441 1337 3517 portare
1351 3433 1519 3496 saccellum
1537 3481 1543 3492 .

422 3541 486 3580 non
506 3539 614 3602 peram
636 3540 700 3580 nou
722 3517 927 3580 calciamenta
950 3523 981 3580 et
1003 3517 1164 3579 neminem
1186 3540 1243 3602 per
1265 3516 1351 3580 uiam
1374 3518 1545 3582 555155555-

421 3602 498 3670 ritis.
533 3613 549 3666 5
564 3601 596 3665 in
614 3625 811 3686 quacumque
827 3607 933 3666 autem
949 3599 1134 3666 introieritis
1150 3602 1276 3666 domurn
1292 3601 1427 3686 primum
1450 3601 1546 3667 dicite

421 3710 484 3771 pax
507 3685 614 3751 domui
636 3686 711 3751 huic
764 3699 781 3751 6
810 3697 842 3751 55
870 3687 896 3752 55
927 3687 1023 3750 fuerit
1051 3687 1117 3750 illio
1145 3687 1229 3752 filius
1257 3687 1344 3773 pacis
1370 3689 1546 3770 requiescet

421 3796 515 3858 super
538 3796 606 3837 eam
628 3796 688 3858 pax
710 3781 844 3838 uestra.
875 3772 902 3837 si
925 3772 1093 3856 quominus
1115 3772 1154 3836 ad
1176 3797 1232 3837 uos
1255 3778 1430 3838 reuertetur
1474 3772 1545 3836 755

421 3858 432 3921 5
456 3881 490 3922 55
512 3858 603 3923 domo
626 3867 752 3923 manete
774 3857 999 3922 manducantes
1022 3867 1054 3922 et
1075 3858 1217 3923 bibentes
1237 3882 1318 3944 quae
1333 3859 1370 3922 ab
1387 3859 1432 3935 555
1447 3865 1544 3922 5555.
1580 3885 1584 3892 ’

422 3880 535 4028 dignus
558 3950 606 4008 555
628 3943 713 4007 enim
736 3943 911 4029 operariaus
934 3943 1108 4008 mercedem
1139 3968 1228 4008 suam
1252 3996 1257 4006 .
1283 3943 1381 4008 nolite
1410 3945 1545 4027 migrare

422 4025 461 4092 de
484 4029 576 4093 dorno
599 4029 631 4092 55
655 4029 745 4093 domo
789 4042 806 4094 8
829 4035 860 4093 et
882 4029 915 4092 iu
932 4029 1152 4113 quacumq(ue)
1176 4029 1338 4092 ciuitatem
1360 4027 1545 4093 introieritis

423 4120 454 4178 et
476 4113 653 4199 receperint
675 4139 731 4179 uos
754 4115 940 4179 manducate
963 4115 1201 4199 quaecumqlue)
1223 4114 1313 4180 55555
1336 4115 1544 4200 adponuntur.

422 4211 439 4263 9
469 4204 501 4264 et
529 4207 635 4263 curate
666 4223 717 4264 eos
748 4201 802 4285 qui
831 4199 865 4264 in
894 4199 982 4263 illam
1012 4201 1211 4265 infirmantur
1233 4206 1265 4264 et
1293 4200 1387 4265 dicite
1409 4194 1473 4263 illis
1496 4199 1546 4262 ad-

421 4283 647 4382 propinquauit
680 4286 835 4350 aduentus
867 4283 957 4369 regni
990 4285 1031 4348 di.
1076 4297 1110 4349 10
1143 4286 1176 4348 iu
1210 4307 1409 4370 quacumque
1440 4291 1545 4349 autern

422 4366 608 4435 introieritis
637 4369 799 4435 ciuitatem
831 4375 863 4435 et
891 4393 954 4434 non
983 4371 1160 4456 receperint
1190 4420 1195 4431 .
1231 4377 1382 4436 exeuntes
1419 4369 1453 4433 in
1483 4369 1547 4454 pla·

422 4462 489 4520 teas
512 4455 582 4520 eius
604 4455 698 4520 dicite
743 4466 776 4518 11
799 4479 872 4520 5555
893 4456 1058 4541 puluerem
1082 4454 1138 4540 qui
1159 4455 1249 4520 nobis
1273 4455 1396 4520 adhesit
1418 4455 1457 4519 de
1473 4453 1546 4518 ciui·

422 4546 487 4606 tate
510 4549 616 4607 uestra
637 4540 671 4605 in
693 4541 825 4626 pedibus
848 4541 1041 4625 extergimus
1070 4541 1158 4606 nobis
1187 4566 1299 4606 uerum
1330 4542 1408 4606 istut
1435 4539 1547 4606 scitote
